3720 5912
424 664 463 724 60
697 682 767 736 Qvo
789 683 943 724 TEMPORE
965 683 1122 724 LIBELLL'S
1144 683 1192 724 SlT
1214 683 1370 724 scutimus

426 851 557 922 missus,
587 851 644 912 sed
663 849 814 933 pluribus
849 851 884 910 in
914 851 997 912 locis
1025 851 1167 922 laxatus,
1191 871 1299 932 neque
1322 871 1468 933 unquam
1492 850 1647 933 religioni

423 976 541 1037 habuit
563 985 756 1057 argumenta
782 996 881 1058 supra
907 977 1081 1037 enunciata
1100 986 1250 1057 repetere
1274 985 1307 1038 et
1330 976 1425 1059 quasi
1451 976 1492 1037 de
1517 977 1648 1057 integro

425 1103 633 1162 confirmare.
675 1101 768 1182 Quae
806 1111 881 1162 sunt
917 1102 1053 1184 propria
1090 1103 1250 1184 pristinae
1289 1102 1451 1164 orationis
1485 1103 1651 1183 fidemque

426 1225 574 1286 efficiunt
607 1226 802 1307 opuseulum
831 1236 980 1286 nostrum
1013 1227 1280 1308 antiquissimum
1315 1247 1388 1288 esse
1424 1227 1542 1287 atticae
1580 1247 1650 1287 ora-

425 1353 524 1412 tionis
552 1360 812 1413 monumentum.

490 1475 566 1538 Veri
594 1477 701 1538 simile
726 1486 775 1538 est
802 1477 999 1558 scriptorem
1031 1484 1181 1536 nostrum
1218 1496 1323 1557 neque
1355 1477 1398 1536 ad
1427 1477 1653 1558 gubernacula

426 1603 476 1663 rei
513 1601 665 1684 publicae
697 1601 891 1674 accessisse,
932 1620 1039 1682 neque
1076 1602 1238 1662 maximas
1275 1621 1328 1662 res
1367 1622 1512 1682 unquam
1550 1603 1653 1663 admi-

427 1728 634 1802 nistravisse,
665 1747 771 1809 neque
799 1727 834 1787 in
861 1727 1009 1787 medium
1038 1747 1147 1786 rerum
1182 1727 1332 1787 omnium
1363 1736 1528 1788 certamen
1557 1728 1654 1790 deve-

428 1855 530 1920 nisse,
560 1863 596 1914 ut
621 1855 679 1934 qui
706 1852 922 1934 optimatibus
945 1851 1071 1914 faveret
1099 1861 1131 1913 et
1162 1853 1310 1934 plebejae
1337 1853 1533 1935 disciplinae
1565 1864 1656 1915 esset

428 1979 588 2040 infensae.
614 1977 690 2048 Sed,
715 1979 801 2039 mira
832 1978 966 2060 quidem
998 1977 1150 2038 facultate
1171 1999 1190 2037 a
1212 1987 1329 2039 natura
1354 1980 1512 2061 prolecta,
1537 1997 1656 2039 onmes

429 2105 617 2165 animorum
645 2112 764 2174 motus,
790 2124 875 2185 qnos
903 2104 1076 2164 hominum
1105 2105 1218 2185 generi
1249 2123 1358 2165 rerum
1392 2112 1509 2164 natura
1538 2103 1658 2164 tribuit

429 2229 605 2311 pernoscit,
630 2248 813 2309 causasque
834 2248 890 2290 eas
910 2227 1031 2309 quihus
1051 2238 1177 2290 mentes
1192 2239 1249 2290 aut
1271 2231 1451 2290 incitantur
1468 2237 1525 2288 aut
1544 2229 1657 2288 reflec-

429 2362 543 2414 tuntur
566 2355 699 2436 penitus
719 2354 902 2436 perspexit.
926 2354 1061 2415 Summa
1082 2354 1140 2414 illa
1164 2375 1275 2415 rerum
1299 2354 1447 2414 civilium
1466 2353 1658 2433 cognitione

430 2489 463 2539 et
491 2479 668 2560 prudentia
697 2479 857 2540 adductus
885 2489 936 2540 est
964 2478 1007 2539 ad
1027 2479 1224 2560 opusculum
1254 2477 1338 2538 illud
1366 2477 1588 2547 scribendum,
1622 2478 1660 2537 in

357 2651 359 2656 .
430 2623 496 2684 quo
524 2604 565 2663 de
593 2605 636 2663 iis
660 2603 759 2664 rebus
786 2604 961 2674 disserere,
986 2625 1070 2685 quae
1097 2603 1140 2663 ad
1162 2623 1259 2664 usum
1287 2603 1420 2663 civilem
1444 2601 1593 2662 moribus
1620 2622 1660 2662 ac

429 2729 558 2810 legibus
581 2739 657 2790 sunt
678 2731 887 2800 constitutae,
912 2731 1071 2793 decrevit.
1095 2729 1166 2790 Hoc
1189 2728 1252 2789 sibi
1274 2729 1460 2811 proposuit,
1484 2737 1519 2788 ut
1540 2728 1659 2809 opinio

430 2854 495 2915 fert
537 2875 619 2928 mea,
655 2855 862 2936 optimatium
901 2856 1048 2916 fautores
1085 2855 1263 2915 admonere
1301 2873 1368 2914 non
1410 2853 1573 2913 rationem
1609 2853 1661 2913 rei

431 2979 582 3062 publicae
620 2980 783 3061 gerendae
815 3001 834 3039 a
871 2981 966 3061 plebe
1000 2980 1185 3043 adhibitam
1224 2999 1295 3040 esse
1335 2976 1659 3058 reprehendendam,

431 3104 490 3164 sed
512 3105 618 3185 ipsam
643 3105 783 3165 civitatis
809 3104 1020 3186 disciplinam
1042 3105 1301 3186 perturbandam
1324 3112 1422 3182 atque
1452 3101 1659 3162 mutandam.

432 3228 588 3290 Pluribus
617 3231 716 3290 etiam
744 3231 778 3289 in
809 3201 960 3312 opusculi
984 3229 1077 3299 locis,
1111 3230 1192 3290 haec
1227 3229 1341 3288 subest
1364 3227 1526 3288 sententia
1557 3225 1661 3286 disci-

430 3355 541 3436 plinae
578 3356 671 3416 illius
705 3355 988 3437 perturbationem
1014 3375 1084 3415 rem
1112 3354 1281 3436 publicam
1308 3373 1380 3413 esse
1409 3352 1660 3432 dissipaturarn,

431 3482 628 3562 imperiique
655 3481 812 3541 maritimi
838 3481 879 3540 ab
906 3481 1167 3541 Atheniensibus
1201 3479 1352 3560 usurpati
1380 3477 1559 3559 perniciem
1584 3495 1663 3536 esse

432 3607 660 3688 perfecturam.
685 3605 816 3684 Quibus
841 3605 882 3666 de
904 3606 1024 3675 causis,
1044 3605 1128 3664 hanc
1153 3605 1349 3664 sententiam
1370 3601 1513 3662 instillat
1539 3599 1663 3660 melius

432 3752 505 3792 esse
525 3722 747 3813 'principatum
769 3731 875 3812 plebis
895 3731 1016 3798 subire,
1034 3740 1144 3809 atque,
1169 3731 1197 3788 si
1223 3719 1546 3809 quod‘commodum
1574 3726 1664 3806 opti·

433 3857 576 3918 matibus
601 3858 697 3918 affert
724 3857 778 3917 vel
806 3857 985 3937 imperium
1017 3855 1218 3920 maritimum
1248 3853 1302 3913 vel
1326 3854 1398 3934 ipsa
1424 3850 1664 3932 gubernandae

432 3983 481 4042 rei
510 3981 660 4063 publicae
687 3983 782 4052 ratio,
811 3981 1007 4050 eo,01uissa
1030 3981 1194 4040 honorum
1221 3979 1411 4060 eupiditate,
1440 3977 1518 4037 frui.
1611 3978 1614 3984 '

493 4107 607 4188 Itaque
647 4107 841 4188 opuseulum
880 4115 1031 4166 nostrum
1069 4104 1204 4186 praebet
1238 4105 1380 4184 speciem
1420 4123 1479 4162 nec
1517 4101 1662 4181 dialogi,

432 4253 540 4314 neque
559 4233 730 4301 orationis
756 4250 863 4312 neque
883 4232 1052 4312 epistolae,
1075 4249 1181 4310 neque
1202 4228 1461 4297 obtrectationis
1485 4227 1544 4286 sed
1563 4227 1666 4286 unius

433 4379 473 4419 ex
488 4359 554 4418 illis
568 4339 899 4418 commentationibus
916 4357 1091 4437 exscriptis
1107 4356 1141 4414 in
1155 4355 1277 4416 chartis
1293 4362 1325 4414 et
1339 4352 1485 4436 quotidie
1499 4351 1588 4432 apud
1601 4371 1666 4410 nos

434 4485 541 4547 editis.
561 4483 624 4545 Sed
647 4485 682 4544 in
703 4483 761 4543 illo
789 4502 941 4542 sermone
956 4482 1100 4562 scriptor
1119 4500 1186 4540 non
1202 4499 1241 4539 cx
1268 4488 1414 4559 tempore
1433 4476 1528 4548 dicit3
1544 4493 1665 4556 expro-

434 4610 564 4671 mendis
590 4610 678 4669 enim
702 4608 875 4669 sententiis
898 4608 1029 4688 penitus
1057 4625 1129 4666 sese
1153 4603 1220 4676 dat,
1244 4613 1279 4663 ut
1305 4603 1492 4684 optimates
1520 4619 1664 4680 quorum

434 4734 586 4818 partibus
609 4736 708 4805 favet,
736 4733 779 4794 ad
806 4752 928 4793 novam
950 4731 1114 4791 rationem
1138 4730 1226 4788 vitae
1248 4727 1408 4788 traducat.
