3720 5912
751 716 938 758 rnnnrlrro
1248 753 1251 758 .
1433 701 1452 762 3

226 901 319 948 mum
348 884 391 944 sit
417 883 606 956 decernere.
633 881 789 967 'Denique
814 886 1112 968 argumentationis
1139 895 1252 967 partes
1281 907 1349 948 non
1378 895 1454 948 sunt

226 1017 386 1080 collectae
399 1039 459 1084 nec
474 1019 668 1082 summatim
687 1019 728 1081 ab
750 1021 847 1082 initia
869 1022 1038 1102 repetitae,
1057 1019 1102 1080 ita
1121 1029 1157 1080 nt
1179 1021 1302 1082 trustra
1324 1023 1454 1084 conclu-

227 1148 356 1210 sionem
397 1153 559 1234 reqniraS‚
598 1153 635 1213 in
668 1174 733 1234 qua
762 1153 932 1234 scriptoris
965 1154 1129 1214 sententia
1162 1155 1301 1235 reperiri
1333 1156 1451 1236 possit.

226 1281 323 1344 Unde
348 1293 425 1345 nata
454 1295 505 1347 est
531 1287 684 1367 quaestio
710 1288 751 1348 de
775 1287 917 1368 pristina
942 1287 1048 1348 libelli
1071 1287 1187 1358 farma,
1211 1308 1310 1368 quam
1339 1289 1452 1371 plures

226 1415 340 1478 subtili
364 1419 499 1498 quidem
523 1419 711 1482 disserendi
737 1421 865 1481 ratione
889 1421 1221 1502 comprehenderunt.
1249 1421 1341 1482 inter
1368 1443 1452 1518 quas

225 1549 387 1612 Cohetum
419 1554 476 1634 (1),
515 1552 737 1614 Pankowium
769 1556 825 1634 (a),
865 1553 1157 1616 Wachsmuthium
1187 1555 1243 1634 (3),
1275 1555 1451 1617 Kirohhot-

225 1684 306 1745 tium
332 1686 388 1764 (4),
417 1685 637 1748 Schmidtium
660 1687 717 1764 (5),
742 1686 922 1770 Rettigium
948 1687 1005 1766 (6),
1033 1687 1201 1748 Belotium
1235 1690 1280 1770 (7)
1309 1697 1342 1749 et
1366 1689 1450 1750 Lan-

225 1819 316 1901 gium
340 1820 386 1899 (8)
414 1840 556 1902 aequum
588 1829 638 1881 est
667 1821 816 1882 laudare.
844 1821 969 1882 Eorum
1004 1822 1094 1884 enim
1135 1823 1294 1904 opuscula
1327 1832 1451 1885 attente

223 1953 403 2034 perpendi,
440 1963 488 2025 et,
530 1956 663 2016 tametsi
699 1963 909 2036 argumenta,
949 1954 991 2015 ab
1028 1956 1069 2016 iis
1107 1956 1150 2016 ad
1190 1957 1453 2018 confirmandam

223 2088 420 2148 sententiam
455 2089 566 2160 allata,
606 2109 767 2170 persaepe
802 2088 922 2160 refelli,
952 2090 1103 2152 eamdem
1144 2098 1253 2151 tamen
1294 2092 1384 2151 viam
1421 2100 1453 2152 et

222 2222 385 2283 rationem
419 2223 599 2306 ingressus,
638 2243 772 2284 omnem
809 2243 946 2305 operam
980 2223 1014 2284 in
1042 2223 1274 2306 perspiciendo
1308 2226 1451 2286 auctoris

221 2356 363 2417 consilio
382 2356 623 2437 probandoque
648 2357 944 2439 argumentationis
971 2356 1088 2417 ordine
1116 2358 1316 2440 consumpsi.

280 2489 377 2551 Adde
415 2490 505 2572 quod
532 2491 568 2551 in
599 2499 786 2572 temporum
820 2491 1066 2571 computatione
1105 2490 1241 2572 plurimi
1273 2492 1448 2554 haesitant.

220 2623 443 2686 Alexandrini
466 2625 557 2685 enirn
582 2623 724 2695 librarii,
755 2644 829 2684 cum
853 2624 1042 2705 priscorum
1067 2625 1265 2706 scriptarum
1288 2646 1390 2706 opera
1413 2647 1450 2687 ac

220 2757 324 2819 libras
347 2759 609 2841 designaverunt
625 2760 661 2819 in
682 2759 870 2840 classesque
891 2758 1144 2829 distribuerunt,
1166 2760 1238 2821 sine
1256 2759 1325 2821 ullo
1345 2759 1448 2822 dubia

220 2895 381 2976 opusculi,
412 2895 503 2975 quod
538 2897 770 2974 Λακεδαιμονίων
799 2898 926 2954 πολιτεία
952 2894 1147 2975 inscriptum
1175 2903 1234 2965 est,
1271 2895 1448 2956 collatione

217 3028 253 3089 in
281 3049 427 3090 errarem
455 3029 592 3098 inducti,
620 3028 772 3089 libellum
804 3035 955 3089 nostrum
983 3027 1019 3088 in
1046 3011 1278 3109 Xenophontis
1311 3049 1448 3112 operum

216 3183 355 3223 numero
389 3163 572 3244 repositum
607 3161 704 3224 nobis
737 3162 957 3224 tradiderunt.
999 3160 1065 3222 Sed
1097 3172 1247 3224 veterum
1282 3163 1447 3226 editorum

215 3297 446 3359 testimonium
481 3317 634 3359 recusare
668 3318 737 3359 nan
769 3296 947 3368 dubitabis,
984 3297 1013 3358 si
1046 3298 1175 3358 intento
1209 3299 1321 3358 anima
1349 3318 1447 3379 opus·

218 3430 330 3492 culum
356 3432 539 3513 perlegeris
564 3440 817 3514 temporumque
843 3430 968 3491 indicia
992 3438 1142 3490 accurate
1169 3431 1354 3512 collegeris.
1382 3431 1446 3492 lta·

264 3617 305 3680 (1)
319 3617 456 3682 Connrus,
468 3618 498 3668 in
510 3617 587 3668 libro
599 3618 650 3683 qui
660 3617 762 3668 Novar
774 3617 932 3667 Lucrionns
945 3621 989 3666 est
1001 3616 1168 3680 inscriptus,
1179 3616 1214 3666 de
1225 3616 1349 3681 pristina
1362 3631 1446 3682 apus-

217 3695 276 3746 culi
286 3697 381 3746 nostri
392 3697 486 3746 torma
501 3697 665 3762 disputavit
679 3697 759 3760 (vide
775 3711 844 3762 pag,
861 3697 907 3758 738
919 3701 947 3746 et
961 3698 1047 3760 seq).

264 3778 305 3840 (ο)
321 3777 477 3828 Pannown
492 3777 560 3827 vide
577 3777 844 3827 commentationem
862 3791 868 3825 :
886 3777 926 3826 Za
940 3776 1113 3840 Xenophane
1133 3775 1243 3840 senrtfl
1265 3791 1327 3827 vam
1345 3777 1445 3828 Stante

217 3856 269 3908 der
282 3857 409 3908 Athener
420 3857 556 3922 (Gaesen.
576 3857 658 3922 1866).

263 3937 534 3999 (3)Wncusn1urn11
550 3938 757 3989 commentatio
769 3938 803 3988 de
815 3936 1011 4002 Xenophontis
1026 3936 1182 4002 quisertur
1197 3935 1294 3988 tthetla
1309 3931 1445 3990 Πολιτεία

221 4008 379 4086 Ἀθηναίων
394 4019 472 4080 (vide
488 4020 599 4084 supra).

261 4097 301 4160 (ί)
314 4097 505 4148 chnuorru
520 4098 680 4163 disputatio
696 4097 787 4148 Ueher
797 4098 843 4148 dte
856 4097 966 4161 Schrtjt
975 4111 1038 4147 acm
1050 4097 1150 4152 Staatc
1162 4097 1213 4147 der
1222 4097 1349 4148 Athener
1363 4097 1444 4160 (vide

214 4178 325 4242 supra).

257 4259 299 4320 (5)
317 4257 469 4308 Sonnmrn
485 4258 622 4309 Mematre
639 4259 717 4308 eines
734 4258 910 4324 Ottgarahen
927 4258 955 4307 tn
973 4258 1067 4308 Athen
1084 4257 1170 4308 uehar
1183 4257 1228 4307 dte
1246 4257 1441 4308 Stautemaxt-

211 4351 276 4388 men
289 4337 339 4388 des
353 4338 459 4390 Damae
471 4339 577 4402 (lenae,
593 4354 670 4388 anno
687 4339 769 4401 1876).

256 4418 298 4482 (6)
314 4419 449 4468 Rnrrran
460 4419 513 4468 Dte
528 4419 790 4482 Ptanmaesaigkett
807 4419 856 4468 der
879 4411 1039 4488 Ἀθηναίων
1062 4413 1198 4472 Πολιτεία
1222 4418 1265 4480 (in
1278 4418 1443 4482 Zettschrist

208 4499 260 4558 frti·
273 4497 318 4549 dte
336 4502 436 4550 aester.
456 4500 643 4564 Gymnasten,
657 4513 734 4549 anno
751 4499 834 4563 1877).

259 4580 299 4642 (7)
309 4579 427 4629 Β1110111
438 4581 641 4630 commentatio
649 4579 703 4630 hoc
713 4579 800 4629 mado
811 4583 854 4629 est
864 4580 1004 4644 inscripta
1018 4595 1024 4630 :
1037 4580 1079 4630 La
1092 4579 1266 4644 Repuhttqne
1278 4579 1439 4629 d’Athencs.

214 4659 309 4710 Lettre
329 4674 381 4710 sur
401 4660 426 4710 te
444 4663 666 4724 gaurernement
686 4660 735 4710 dea
755 4659 911 4710 Atheniens
926 4660 1068 4719 adressee
1088 4675 1123 4710 en
1138 4659 1197 4723 378
1217 4675 1261 4709 αα.
1279 4659 1367 4720 J.·G.,
1385 4673 1443 4724 par

215 4737 374 4805 Xenophon
387 4754 427 4790 au
440 4741 485 4790 rat
498 4740 533 4790 dc
545 4741 647 4806 Sparte
661 4739 803 4801 Age'sttas.
815 4741 956 4803 (Lutetiae
970 4739 1157 4801 Parisiorum,
1173 4755 1249 4789 anno
1264 4739 1346 4801 1880).

264 4819 305 4882 (8)
320 4819 423 4870 Laron
436 4819 469 4870 de
480 4821 604 4884 pristtna
616 4819 706 4870 tibetti
718 4820 752 4870 ate
764 4835 795 4870 re
805 4820 919 4885 puhttca
929 4821 1146 4870 Atheniensium
1153 4822 1253 4883 forma
1266 4819 1442 4870 restituenda

216 4901 418 4950 commentatio
431 4900 513 4962 (Pars
529 4901 618 4964 prior.
633 4900 757 4964 Lipsiae,
771 4916 847 4949 anno
864 4901 946 4964 1883).
