3720 5912
445 681 465 756 4
967 697 1155 740 anaararm

444 885 519 945 que,
549 875 677 926 remota
698 865 914 940 dubitatione,
944 867 1007 926 hoc
1026 867 1108 926 satis
1130 866 1277 927 dilucide
1309 867 1572 928 demonstratum
1597 885 1670 926 esse

445 998 585 1080 putabis.
625 999 774 1061 libellum
808 1000 849 1059 de
889 1019 923 1060 re
960 1000 1094 1080 publica
1134 1001 1397 1070 Atheniensium,
1442 971 1672 1082 Xenophontis

442 1135 574 1194 nomine
598 1133 875 1202 commendatum,
903 1131 1155 1214 Xenophontem
1185 1143 1291 1194 aetate
1317 1135 1415 1214 longe
1443 1153 1665 1215 praecurrere.

444 1266 509 1329 Sed
534 1269 598 1328 viri
620 1268 709 1328 docti
735 1268 776 1328 de
803 1289 841 1328 ea
865 1289 900 1328 re
926 1269 1026 1328 etiam
1050 1288 1137 1330 nunc
1165 1269 1347 1350 disputant,
1375 1289 1441 1350 quo
1465 1279 1613 1350 tempore
1638 1277 1670 1329 et

443 1422 461 1461 a
497 1423 562 1483 quo
600 1404 760 1482 scriptore
797 1403 993 1482 opusculum
1030 1401 1130 1464 luerit
1171 1403 1361 1464 inchoatum
1403 1412 1435 1462 et
1475 1401 1665 1484 perfectum.

443 1536 591 1596 Plurium
615 1538 933 1618 argumentationem
956 1536 1191 1618 perpendimus
1213 1546 1244 1598 et
1260 1537 1456 1610 refellimus
1479 1539 1564 1598 inter
1585 1557 1668 1617 quos

444 1669 645 1732 Roschermn
681 1671 737 1750 (1),
768 1668 971 1732 Boeckhium
1004 1671 1060 1749 (a),
1098 1669 1260 1731 Cobetum
1290 1670 1347 1752 (3),
1382 1669 1571 1751 Helbigium
1609 1670 1666 1748 (4),

443 1803 663 1864 Schmidtium
692 1805 746 1882 (5),
777 1802 1019 1864 Kirchhossium
1046 1805 1102 1882 (6),
1134 1803 1300 1864 Belotium
1331 1807 1377 1884 (7)
1400 1814 1433 1864 et
1457 1802 1669 1864 Muellerum-

443 1936 688 2018 Struebingium
709 1936 756 2014 (8)
778 1936 1058 1998 commemorabo.

501 2071 632 2151 Quibus
656 2071 697 2132 de
727 2070 837 2142 rebus
868 2081 916 2132 tot
944 2071 1092 2132 tenebris
1121 2072 1318 2143 obscuratis,
1349 2081 1424 2153 post
1453 2082 1520 2132 tam
1544 2073 1666 2132 inultos

441 2217 473 2268 et
490 2169 700 2268 doctissimos
719 2207 821 2282 viros,
847 2208 1053 2268 novissimus
1074 2216 1174 2288 atque
1194 2207 1340 2277 infimus,
1360 2208 1454 2287 quasi
1475 2207 1517 2268 de
1537 2208 1667 2288 integro

440 2341 608 2421 disputare
628 2341 765 2401 institui.
792 2339 891 2420 Quod
912 2341 947 2402 in
972 2341 1118 2402 studium
1132 2341 1334 2411 incumbam,
1349 2351 1448 2421 atque
1458 2341 1557 2434 ‘quod
1582 2341 1665 2401 mihi

401 2474 402 2477 ’
439 2476 597 2556 proposui
618 2495 787 2555 assequar,
806 2476 834 2535 si
853 2495 916 2545 res,
932 2493 1016 2554 quae
1031 2475 1267 2556 disceptantur,
1285 2475 1497 2536 illustravero
1514 2474 1667 2556 probabi-

438 2608 551 2689 lesque
575 2611 719 2670 rationes
741 2608 895 2678 attulero
916 2629 1018 2688 quare
1038 2608 1146 2669 libelli
1166 2608 1282 2682 forma,
1302 2629 1320 2669 a
1342 2608 1512 2670 veteribus
1527 2608 1661 2684 tradita,

438 2744 535 2804 nobis
560 2745 604 2804 sit
626 2743 825 2823 accipienda.
850 2743 1066 2825 Argumenta,
1089 2743 1210 2823 quibus
1230 2744 1427 2803 sententiam
1447 2763 1554 2804 meam
1573 2763 1664 2802 com-

438 2880 588 2960 probavi,
614 2879 696 2939 duas
715 2879 751 2938 in
766 2887 877 2959 partes
892 2877 1003 2940 divisi.
1022 2877 1061 2937 ln
1080 2877 1185 2938 altero
1208 2879 1297 2938 enim
1319 2879 1436 2960 capite,
1457 2878 1498 2938 de
1521 2879 1664 2959 pristina

436 3012 540 3074 libelli
563 3012 671 3073 forma
699 3032 875 3093 rerumque
902 3011 1020 3072 ordine
1052 3013 1214 3083 disserui;
1245 3013 1280 3073 in
1304 3013 1408 3072 altera
1423 3022 1533 3073 autem
1555 3021 1661 3092 parte,

436 3147 477 3208 de
509 3153 670 3226 tempore,
706 3166 771 3227 quo
806 3147 878 3206 veri
919 3145 1026 3206 simile
1064 3155 1114 3206 est
1147 3145 1344 3226 opusculum
1379 3165 1451 3206 esse
1486 3146 1660 3226 scripturn,

435 3280 615 3362 disputavi.

479 3488 520 3547 (1)
534 3486 681 3534 Roseusiu
693 3485 794 3541 beben,
811 3483 899 3535 Werk
909 3484 968 3534 ond
982 3483 1117 3534 Zeitalter
1126 3484 1176 3534 dea
1192 3484 1376 3548 Thulcydtdea
1388 3485 1566 3548 (Gottingae,
1579 3499 1661 3533 anno

433 3564 501 3626 1842.
515 3565 590 3614 Vide
604 3579 671 3628 pag.
683 3565 730 3626 248
744 3571 773 3614 et
786 3578 863 3629 seq.;
877 3564 924 3614 526
937 3569 966 3612 et
980 3564 1064 3628 seq.).

477 3647 518 3708 (a)
528 3645 669 3695 Boaennn
677 3645 730 3695 Die
741 3645 1043 3709 Stootahousholtung
1052 3645 1393 3707 derAthener-(volumen
1403 3645 1424 3694 1.
1434 3644 1570 3704 Berolini‚
1578 3659 1660 3694 anno

431 3727 498 3775 1851.
513 3726 587 3775 Vide
599 3741 665 3791 pag.
678 3726 733 3788 432,
749 3726 848 3776 adnot.
863 3726 902 3788 e).
1167 3731 1170 3736 “

475 3809 516 3869 (3)
533 3799 661 3857 Conarus
676 3808 706 3855 in
717 3806 792 3856 libro
805 3820 894 3870 supra
906 3806 1026 3854 laudato
1041 3806 1121 3869 (vide
1134 3821 1201 3870 pag.
1215 3805 1261 3868 738
1276 3811 1305 3854 et
1317 3809 1402 3871 seq.).

474 3890 515 3950 (t)
539 3887 671 3938 Haemon
695 3887 860 3938 Alcibiades
883 3885 929 3936 ala
951 3886 1119 3950 potitt'acher
1144 3885 1353 3948 Schriflstellcr
1379 3887 1423 3948 (in
1453 3886 1554 3936 Rhein.
1576 3886 1658 3938 Mus.

427 3967 479 4019 col.
494 3967 522 4017 X
527 3968 570 4024 VI,
586 3982 662 4018 anno
676 3969 748 4028 1861,
760 3981 825 4032 pag.
843 3968 886 4016 511
905 3971 934 4015 et
948 3968 1032 4031 seq.).

472 4051 512 4111 (5)
524 4051 676 4100 Scunlnrn
692 4047 865 4112 opusculum
880 4061 969 4111 supra
982 4046 1143 4098 laudatum.

471 4129 512 4192 (6)
535 4130 728 4179 chunoran
753 4127 844 4178 Ueber
867 4127 912 4176 dte
933 4127 1176 4190 Abfaaaungazett
1195 4125 1246 4177 der
1271 4125 1380 4189 Scin-ist
1401 4139 1464 4174 oom
1482 4123 1582 4174 Stante
1602 4126 1659 4174 dor

423 4209 549 4261 Athener
563 4210 712 4274 (Berolini‚
729 4223 803 4258 anno
820 4207 901 4270 1878).

470 4293 510 4353 (7)
523 4291 641 4342 Beuorn
653 4291 721 4340 vide
733 4288 1005 4338 commentationem
1020 4301 1108 4352 supra
1121 4287 1279 4337 laudatam.

468 4371 875 4435 (8)Muu1.san1-Srauna1ne11
890 4368 1064 4432 opusculum
1078 4382 1167 4432 supra
1185 4368 1346 4418 laudatum.
