3720 5912
595 669 636 710 DE
659 668 785 712 tinnitu
811 667 923 708 FORMA
949 667 1147 710 lllSl’U'l'ATIO
1443 671 1478 712 21

253 836 424 917 popularis
439 835 583 898 civitatis
599 837 843 899 institutionem
862 857 901 897 ea
921 825 996 897 non'
1011 855 1109 917 posse
1130 856 1198 897 non
1219 838 1377 918 consequi
1398 839 1481 898 exis·

253 959 357 1020 timat.

300 1081 408 1163 'Quae
434 1104 508 1145 oum
537 1086 584 1146 ita
612 1087 687 1156 sint,
718 1105 835 1147 omnes
856 1085 1007 1168 opusculi
1033 1093 1146 1168 partes
1172 1086 1259 1147 inter
1282 1106 1317 1146 se
1345 1105 1481 1148 consen·

253 1207 350 1268 tiunt.
381 1209 604 1272 Athenienses
628 1211 716 1271 enirn
740 1230 827 1272 nunc
855 1210 1079 1292 reprehendit,
1106 1230 1193 1271 nunc
1217 1210 1349 1280 laudat„
1367 1219 1403 1271 ut
1426 1211 1480 1292 qui

254 1353 310 1392 eos
338 1335 569 1415 reprehendat,
595 1336 686 1416 quod
717 1335 807 1418 plebi
832 1336 1055 1418 principatum
1081 1335 1269 1412 tribuerint,
1293 1335 1479 1416 laudetque.

253 1459 344 1538 quod
368 1459 462 1520 illam
491 1460 539 1522 rei
574 1459 726 1543 publicae
752 1460 892 1522 sormam
924 1463 1015 1522 omni
1044 1436 1150 1522 modo*
1179 1470 1342 1522 tueantur.
1370 1460 1481 1541 Quare

252 1603 319 1644 non
348 1593 398 1646 est
432 1585 533 1666 quod,
571 1594 606 1646 ut
641 1585 785 1648 Cobetus
826 1587 964 1668 ejusque
1001 1586 1166 1668 discipuli,
1202 1585 1353 1647 libellum
1382 1585 1481 1647 nobis

250 1709 410 1790 'traditum
439 1711 608 1772 existimes
637 1711 869 1794 depromptum
901 1732 974 1774 esse
1011 1731 1028 1804 e
1058 1711 1201 1792 dialogo,
1235 1733 1251 1770 ιι
1283 1712 1318 1772 ἰιι
1346 1731 1412 1792 quo
1441 1711 1481 1772 de

254 1834 512 1897 Atheniensium
540 1857 576 1897 re
602 1837 734 1918 publica
764 1836 831 1898 duo
857 1838 945 1898 inter
973 1857 1009 1898 se
1035 1837 1082 1898 sic
1111 1835 1267 1897 collocuti
1296 1845 1420 1906 essent,
1446 1843 1483 1897 ut

253 1960 337 2020 alter
360 1982 433 2021 eam
461 1963 610 2042 graviter
637 1962 906 2043 reprehenderet,
933 1963 985 2023 cui
1013 1963 1099 2024 alter
1123 1963 1168 2023 ita
1193 1962 1426 2042 responderit,
1446 1970 1483 2022 ut

150 2111 156 2126 =
220 2153 224 2162 ι
252 2104 291 2144 ea
317 2085 429 2146 omnia
447 2086 522 2166 jure
550 2087 749 2168 reprehendi
775 2087 942 2159 fateretur,
968 2087 1027 2148 sed
1050 2087 1145 2148 aliter
1168 2107 1269 2169 quam
1297 2087 1346 2149 sio
1369 2087 1480 2148 demo-

252 2209 390 2269 cratiam
419 2219 571 2272 constare
594 2232 663 2273 non
687 2231 785 2294 posse
811 2212 1066 2273 demonstraret.
1091 2233 1108 2272 ι)

312 2335 480 2407 Attamen,
507 2337 656 2418 plerique
678 2336 785 2399 libelli
809 2357 964 2399 censores
989 2337 1185 2419 scriptorem
1204 2337 1287 2398 duas
1309 2338 1345 2397 in
1369 2346 1480 2419 partes

251 2458 447 2539 opuseulum
482 2460 637 2521 divisisse
667 2481 862 2542 persuasum
895 2461 1100 2536 habuerunt,
1145 2462 1283 2543 quippe.
1308 2480 1405 2542 quem
1443 2461 1479 2522 in

249 2582 352 2643 altera
388 2584 520 2665 plebem
557 2586 648 2646 omni
674 2586 775 2647 modo
810 2587 858 2647 rei
892 2579 1044 2667 publicae
1070 2586 1280 2668 disciplinam
1314 2587 1410 2654 tueri,
1443 2587 1479 2646 in

249 2707 351 2768 altera
379 2718 489 2770 autem
515 2710 736 2771 Athenienses
759 2711 970 2781 criminibus,¹
993 2730 1077 2791 quae
1101 2712 1148 2772 eis
1176 2711 1294 2771 Graeci
1320 2709 1476 2781 inierant,

251 2852 318 2892 non
342 2852 414 2893 esse
441 2834 560 2915 dignos
589 2835 817 2896 demonstrare
846 2835 1028 2896 instituisse
1063 2836 1250 2916 opinentur.
1279 2833 1375 2895 Illam
1406 2854 1477 2895 sen-

249 2957 386 3017 tentiam
415 2956 559 3020 Cobetus
584 2960 619 3019 iu
644 2959 746 3023 Novis
775 2959 986 3022 Lectionibus
1011 2961 1226 3041 exprompsit.
1252 2959 1363 3020 Verba
1389 2960 1477 3020 enim

248 3086 285 3149 ὡς
317 3080 347 3141 εὖ
380 3086 561 3165 διασῴζονται
590 3087 643 3163 τὴν
678 3089 820 3145 πολιτείαν
860 3093 904 3146 καί
937 3087 1027 3146 τᾶλλα
1052 3087 1265 3166 διαπράττονται
1300 3089 1316 3144 t
1349 3088 1476 3144 δοκοῦσιν

248 3209 415 3290 ἁμαρτάνειν
430 3218 488 3276 τοῖς
509 3211 603 3278 ἄλλοις
629 3212 767 3288 Ἕλλησι,
789 3211 871 3270 τοῦτ’
891 3209 1024 3282 ἀποδείξω
1054 3219 1207 3292 corrupta
1234 3230 1306 3270 esse
1336 3208 1478 3270 ducebat

249 3341 346 3414 atque
380 3334 468 3394 hunc
506 3335 547 3394 ad
577 3336 712 3396 modum
748 3336 946 3417 corrigenda
978 3356 1050 3397 esse
1084 3335 1302 3396 contendebat
1335 3357 1340 3393 :
1374 3339 1410 3403 ὡς
1445 3335 1476 3394 εὖ

248 3460 431 3539 διασῴζονται
450 3485 480 3518 τε
500 3461 552 3537 τὴν
575 3463 717 3520 πολιτείαν
739 3469 783 3520 καὶ
805 3462 895 3520 τᾶλλα
917 3463 1140 3543 διαπράττονται,
1165 3469 1202 3519 ut
1223 3459 1280 3540 qui
1303 3457 1332 3517 εὖ
1352 3461 1476 3540 pariter

248 3581 291 3642 ad
317 3585 497 3664 διασῴζονται
522 3593 552 3644 et
575 3585 787 3666 διαπράττονται
810 3605 882 3645 esse
905 3583 1114 3645 referendum
1137 3585 1396 3664 scriptoremque
1422 3605 1474 3643 ros

244 3707 313 3767 illis
342 3707 454 3768 verbis
478 3708 682 3788 significatas
709 3711 888 3790 separatim
916 3718 1058 3770 tractare
1090 3709 1237 3784 voluisse
1263 3717 1403 3789 putaret.
1435 3708 1473 3768 In

243 3833 336 3892 illam
375 3831 490 3892 Cobeti
527 3835 724 3894 sententiam
758 3834 890 3895 iverunt
927 3833 1163 3903 Kirchhollius,
1202 3832 1406 3894 Schmidtius
1442 3844 1472 3894 et

248 3955 424 4036 Rettigius.

306 4079 350 4141 Ut
378 4090 486 4141 cetera
513 4083 785 4162 praetermittam,
815 4104 831 4142 a
864 4081 980 4162 Langii
1010 4085 1056 4158 (ι)
1088 4082 1263 4163 disciplina
1291 4081 1469 4162 profectus,

245 4207 308 4266 hoc
334 4205 530 4276 admonebo,
562 4208 588 4266 si
616 4208 657 4268 de
684 4207 812 4268 duabus
842 4228 879 4267 ac
907 4206 1051 4267 diversis
1077 4205 1177 4266 rebus
1210 4215 1373 4287 ageretur,
1404 4227 1472 4268 non

245 4330 348 4391 verba
366 4332 446 4390 τοῦτ’
474 4329 609 4400 ἀποδείξω
635 4332 693 4392 sed
719 4330 804 4391 ταῦτ’
828 4330 964 4399 ἀποδείξω
989 4329 1094 4390 fuisse
1118 4330 1304 4391 scribenda.
1330 4331 1468 4401 Etenim,

243 4455 437 4528 sententiae,
461 4476 546 4536 quac
568 4475 587 4515 a
611 4457 841 4536 conjunctione
867 4461 902 4522 ὡς
924 4455 1050 4536 incipit,
1079 4455 1236 4526 membra,
1262 4476 1404 4536 quorum
1428 4459 1471 4518 ad

243 4589 417 4660 utrumque
450 4579 647 4640 adverbium
678 4578 717 4642 εὖ.
751 4581 861 4642 statim
895 4589 971 4661 post
1005 4579 1269 4660 conjunctionem
1302 4585 1338 4648 ὡς
1371 4583 1470 4642 collo-

291 4837 331 4891 (ι)
346 4831 418 4880 Vide
431 4832 507 4880 enim
525 4832 626 4880 Lanen
640 4833 912 4882 commentationem
928 4846 1015 4896 supra
1031 4831 1179 4882 laudatam
1191 4835 1270 4897 (pag.
1282 4833 1298 4881 8
1310 4839 1338 4881 et
1353 4833 1436 4897 serp).
