3720 5912
529 708 598 762 QUO
621 709 775 750 TEMPORE
799 709 958 752 inuentus
979 709 1030 750 Sl'l'
1051 709 1206 752 SCRIPTUS
1445 689 1482 769 57

317 881 351 936 Εἰ
373 879 403 937 δέ
426 901 467 946 τις
491 884 642 938 καὶτοῦτο
667 878 800 958 θαυμάζει
825 877 866 938 δτι
892 882 957 938 ἐῶσι
982 879 1045 946 τοὺς
1070 881 1184 946 δούλους
1208 887 1312 962 τρυρᾶν
1336 877 1480 947 αὐτόθι..,

257 1008 303 1061 καὶ
325 1008 408 1062 τοῦτο
432 1008 534 1087 γνώμῃ
557 1012 668 1088 φανεῖεν
692 1003 724 1063 tv
744 1011 898 1071 ποιοῦντες.
925 1001 951 1074 Ι,
980 1022 1027 1066 11.

317 1131 403 1186 Δοκεῖ
428 1129 459 1186 δὲ
485 1133 499 1188 ὀ
529 1130 618 1208 δῆμος
645 1135 658 1187 ὀ
694 1126 853 1205 Ἀθηναίων
882 1135 927 1187 καὶ
957 1131 985 1187 ἐν
1008 1131 1082 1210 τῷδε
1112 1136 1205 1195 κακῶς
1233 1129 1421 1209 βουλεύεσθαι
1441 1127 1482 1187 ὁέι

255 1250 319 1318 τοὺς
347 1251 512 1334 συμμάχους
540 1250 727 1331 ἀναγκάζουσι
756 1254 837 1312 πλεῖν
867 1254 911 1312 ἐπὶ
939 1255 1016 1319 δίκας
1050 1251 1202 1329 Ἀθήναζε·
1233 1255 1259 1310 οἳ
1284 1253 1314 1310 δὲ
1341 1247 1482 1332 ἀντιλογί-

257 1379 348 1445 ζονται
443 1374 469 1447 Ι,
498 1375 545 1439 16.

317 1505 435 1560 Δοκοῦσι
461 1502 492 1560 δὲ’
521 1499 669 1578 Ἀθηναῖοι
702 1508 747 1561 καὶ
773 1505 857 1562 τοῦτό
882 1526 924 1562 τοι
955 1501 1005 1561 οὐκ
1033 1502 1119 1584 ὀρθῶς
1146 1503 1326 1582 βουλεύεσθαι
1355 1500 1396 1560 ὅτι
1421 1501 1485 1568 τοὺς

255 1628 363 1707 χείρους
394 1630 533 1707 αἱροῦνται
563 1629 592 1685 ἐν
619 1634 679 1694 ταῖς
710 1615 808 1686 πόλεσί
830 1635 890 1696 ταῖς
913 1629 1134 1696 στασιαζούσαις·
1162 1629 1189 1685 οἳ
1214 1627 1244 1684 δὲ
1272 1631 1356 1685 τοῦτο
1383 1630 1484 1708 γνώμῃ

166 1764 168 1770 ’
254 1755 389 1809 ποιοῦσιν.
411 1747 472 1820 ΙΙΙ,
498 1767 547 1816 10.

314 1915 446 1996 Quibus
481 1917 521 1979 de
555 1920 664 1982 causis
696 1919 798 1982 totius
834 1921 986 1992 rationis,
1025 1940 1099 1981 mea
1133 1919 1269 2000 quidem
1307 1921 1480 1990 sententia,

254 2044 397 2126 scriptor
418 2053 533 2106 noster
553 2054 603 2106 est
626 2047 774 2126 ignarus⁹
809 2054 847 2106 ut
872 2047 930 2128 qui
955 2046 1079 2107 nullius
1110 2045 1281 2108 doctrinae
1307 2046 1482 2128 praesidiis
1535 2056 1541 2070 ⁶

254 2167 297 2230 ad
320 2167 496 2230 dicendum
526 2179 613 2231 esset
646 2180 781 2251 paratus
806 2190 914 2252 neque
939 2170 994 2233 vel
1019 2169 1256 2231 consuetudine
1279 2171 1334 2231 vel
1360 2172 1481 2232 exerci-

253 2293 377 2354 tatione
402 2293 671 2356 commoditatem
694 2296 855 2356 orationis
883 2295 949 2356 sibi
972 2315 1163 2378 comparare
1191 2297 1400 2357 instituisset.

313 2417 429 2498 Itaque
450 2438 519 2480 non
546 2439 685 2502 possum
717 2421 799 2500 quin
827 2421 935 2481 abiis
965 2421 1172 2492 dissentiam,
1198 2421 1256 2502 qui
1288 2399 1481 2503 scriptorem

252 2551 403 2603 nostrum
441 2543 551 2624 ipsum
597 2543 828 2625 Thucydidem
863 2565 936 2606 esse
971 2545 1254 2608 existimaverunt.
1294 2543 1425 2628 Quippe
1464 2566 1483 2606 a

253 2667 479 2750 sophistarum
504 2667 683 2750 disciplina
711 2669 922 2750 Thucydides
958 2678 1030 2730 erat
1056 2668 1225 2750 profectus
1253 2678 1352 2750 atque
1384 2671 1481 2730 etiam

253 2801 331 2853 sunt
355 2793 392 2853 in
420 2794 492 2872 ejus
517 2813 617 2874 opere
644 2793 758 2875 plures
779 2794 844 2854 loci
872 2794 908 2855 in
934 2795 1057 2875 quibus
1085 2794 1130 2854 sit
1157 2793 1369 2886 manifestum
1398 2784 1503 2855 Gor-¹

252 2917 326 2998 giae
351 2927 527 3000 praecepta
545 2919 599 2979 vel
622 2919 758 2978 maximi
779 2918 884 2981 fuisse
909 2920 1079 2980 momenti.

313 3041 429 3104 Plures
456 3064 535 3105 sane
560 3045 743 3105 sententiae
781 3065 800 3105 a
835 3045 997 3126 scriptore
1027 3053 1143 3105 nostro
1171 3052 1383 3125 expromptae
1409 3064 1481 3104 sen-

251 3167 363 3228 tentiis
388 3169 586 3249 quibusdam
613 3190 632 3228 a
659 3169 851 3250 Thucydide
879 3170 1031 3251 probatis
1060 3169 1185 3230 similes
1213 3177 1301 3232 sunt.
1333 3169 1378 3230 Ut
1413 3189 1479 3229 uno

252 3291 405 3374 exemplo
442 3302 527 3364 utar,
561 3294 675 3376 plures
710 3295 775 3356 loci
809 3294 916 3355 libelli
956 3295 1062 3354 nostri
1097 3293 1257 3354 orationis
1294 3315 1313 3354 a
1356 3291 1480 3352 Pericle

251 3417 386 3478 habitae
415 3418 488 3496 (lib.
513 3418 529 3478 Ι
559 3439 630 3500 cap.
664 3421 806 3500 14ο-ι44)
836 3419 1087 3480 similitudinem
1115 3419 1248 3479 hahent.
1281 3418 1481 3498 Fragmenta

250 3541 313 3604 illa
341 3543 539 3614 exscribam,
567 3553 603 3604 ut
636 3545 811 3626 intellegas
837 3565 936 3627 quam
973 3545 1146 3606 dissimilis
1172 3544 1214 3604 sit
1240 3543 1357 3604 electio
1387 3562 1482 3602 cons·

249 3669 437 3750 tructioque
463 3670 643 3732 verborum
669 3671 704 3732 in
729 3681 871 3752 utroque
899 3689 1030 3752 opere:

250 3837 473 3918 Thucydides.
492 3839 550 3900 lib.
568 3839 582 3898 I
598 3860 668 3922 cap.
688 3842 836 3918 140-144ε
901 3839 1061 3917 Ἀθηναίων
1077 3842 1211 3900 Πολιτεία
1223 3837 1294 3920 cap.
1310 3837 1341 3897 II
1354 3858 1424 3920 par.
1440 3840 1477 3897 zi:

312 4001 467 4081 Αίίτουργοί
488 4025 519 4060 τε
543 4001 595 4082 γάρ
617 4007 668 4060 εἰσι
688 4001 838 4062 Πελοπον-
949 4000 1071 4060 Ἔπειτα
1083 4003 1112 4059 δὲ
1123 4007 1180 4067 τοῖς
1193 4004 1244 4080 μὲν
1257 4002 1328 4064 κατὰ
1339 4001 1478 4059 θάλατταν

249 4127 341 4202 νήσιοι
367 4132 412 4184 καὶ
437 4128 500 4184 οίίτε
528 4128 582 4203 ἰδίᾳ
607 4129 670 4186 οὕτε
700 4129 729 4186 ἐν
754 4139 837 4207 κοινῷ
893 4126 1025 4206 ἄρχουσιν
1041 4125 1143 4184 οἷόντ’
1161 4121 1333 4184 ἀποπλεῦσαι
1354 4121 1407 4183 οἰπδ
1428 4132 1479 4199 τῆς

249 4250 473 4330 γρήματάέστιν
490 4251 837 4334 αὐτοῖς,’ἑπειταχρονίων
892 4251 1025 4333 σφετέρας
1061 4250 1151 4309 αὐτῶν
1192 4254 1292 4309 ὁπόσον
1333 4250 1478 4327 βούλονται

248 4373 382 4452 πολέμων
395 4380 441 4434 καὶ
453 4377 618 4435 διαποντίων
631 4376 738 4458 ἄπειροι
751 4379 836 4436 διὰτὸ
891 4376 990 4445 πλοῦν,
1006 4383 1065 4442 τοῖς
1086 4377 1116 4433 δὲ
1136 4377 1207 4435 κατὰ
1225 4383 1279 4454 γῆν
1300 4374 1352 4456 οὐχ
1371 4374 1428 4434 οίόν
1448 4399 1478 4432 τε

249 4496 375 4577 βραχέως
386 4495 670 4582 αὐτοὶὲπόἰλλήλους
682 4479 836 4568 ὑπὸπενίας
892 4495 945 4556 οἰπο
977 4507 1029 4574 τῆς
1061 4499 1194 4581 σφετέρας
1227 4499 1318 4558 αὐτῶν
1350 4496 1480 4558 οἰπελθεῐν

249 4621 837 4702 ἐπιφέρεινΚαίοὶτοιοῦτοιοιίτεναῦςπλη-
890 4625 1004 4682 πολλῶν
1039 4626 1153 4704 ἡμερῶν
1189 4624 1262 4682 ὀδόν
1294 4626 1419 4706 βραδεῖαί
1450 4646 1481 4682 τε

251 4751 360 4826 ροῦντες
375 4748 438 4804 οίίτε
454 4749 539 4814 πεζὰς
556 4751 685 4828 στρατίοις
700 4749 835 4817 πολλάκις
890 4749 942 4829 γὰρ
963 4752 988 4806 αἱ
1011 4755 1119 4828 πορεῖαι
1138 4754 1186 4807 καὶ
1208 4756 1284 4807 σῖτον
1301 4748 1352 4830 οὐχ
1375 4749 1431 4808 οίιίν
1451 4773 1481 4806 τε

249 4871 403 4952 ἐκπέμπειν
420 4872 558 4943 δύνανται,
575 4867 627 4929 άπὸ
643 4879 699 4929 τῶν
716 4873 790 4930 ἰδίων
803 4895 834 4930 τε
890 4871 967 4954 ’ἔχειν
986 4873 1093 4930 πολλοῦ
1113 4876 1214 4955 χρόνου
1233 4876 1306 4958 πεζῇ
1327 4877 1412 4932 ἰόντα,
