3720 5912
634 1280 1031 1379 CONCLUSlO

281 1823 592 1906 Argumentationis
617 1833 729 1903 partes
751 1823 920 1904 colligere,
947 1824 1207 1906 disputationem
1235 1825 1442 1894 concludere,

221 1939 406 2011 orationem
439 1949 617 2010 terminare
651 1949 916 2030 sententiamque
943 1969 1050 2010 meam
1077 1949 1117 2010 de
1144 1950 1305 2032 opusculo
1329 1958 1444 2011 nostro

220 2076 411 2136 summatim
426 2095 621 2156 expromere
633 2075 747 2135 velim.

281 2200 398 2261 Plures
413 2221 450 2261 ac
466 2221 545 2261 sane
557 2200 745 2262 doctissimi
759 2201 823 2260 viri
838 2199 990 2262 libellum
1005 2202 1046 2261 de
1065 2200 1252 2286 republica
1265 2202 1446 2263 Athenien-

221 2327 309 2387 sium
333 2327 554 2388 adulteratum
569 2333 600 2385 et
621 2325 842 2386 deformatum
863 2345 936 2386 esse
953 2326 1232 2386 existimaverunt
1260 2334 1358 2406 atque
1374 2329 1446 2408 ejus

220 2451 398 2532 pristinam
423 2450 565 2511 formam
586 2450 758 2511 restituere
785 2449 850 2510 sibi
865 2458 1119 2532 proposuerunt,
1137 2451 1227 2532 quod
1250 2471 1445 2536 persuasum

219 2575 409 2636 habuerunt
428 2575 623 2656 scriptorem
645 2576 818 2654 aequalem
839 2575 943 2636 fuisse
966 2597 1003 2635 ao
1025 2577 1121 2656 quasi
1147 2575 1348 2658 discipulum
1371 2598 1446 2659 pro-

219 2701 374 2760 batorum
396 2709 566 2761 auctorum
588 2708 665 2760 sunt
690 2701 830 2780 opinati.
855 2699 919 2760 Sed
947 2701 1053 2782 isqui
1079 2702 1274 2782 opusculum
1295 2711 1446 2790 nostrum

220 2826 357 2907 scripsit
376 2825 545 2906 ediditque
568 2825 623 2885 vel
634 2824 884 2905 Antiphontem
906 2825 1202 2906 Thucydidemque
1224 2836 1330 2889 aetate
1352 2848 1445 2909 prae-

220 2951 324 3010 currit
339 2951 676 3032 antiquissimamque
702 2951 819 3010 atticae
836 2951 997 3013 orationis
1018 2960 1268 3013 monumentum
1284 2953 1402 3032 exegit.

281 3075 395 3158 ltaque
427 3096 495 3137 non
526 3086 577 3137 est
601 3096 659 3136 cur
684 3075 842 3136 traditum
873 3077 1110 3138 sententiarum
1137 3077 1290 3138 ordinem
1318 3088 1446 3160 pertur-

219 3201 348 3273 bemus,
371 3203 430 3264 sed
446 3203 550 3264 satius
574 3211 624 3263 est
644 3202 765 3283 quibus
786 3201 827 3262 dc
848 3203 958 3263 causis
980 3202 1134 3283 opusculi
1155 3203 1335 3284 particulas
1350 3204 1446 3264 illum

219 3330 255 3390 in
284 3329 434 3390 ordinem
470 3328 639 3418 redegerit
674 3301 879 3410 intellegere.
921 3327 1047 3390 Omnes
1083 3329 1172 3389 enim
1201 3331 1384 3391 sententiae
1407 3332 1445 3392 in

202 3517 203 3520 ,
220 3455 380 3538 opusculo
401 3475 420 3515 a
444 3455 605 3536 scriptore
621 3463 836 3534 expromptae
852 3454 946 3533 quasi
964 3454 1007 3514 ad
1030 3454 1115 3515 hanc
1135 3455 1333 3516 sententiam
1356 3476 1445 3537 spec·

220 3587 302 3646 tant,
330 3579 494 3640 rationem
514 3579 564 3638 rei
591 3577 744 3660 publicae
772 3578 936 3658 gerendae
958 3601 978 3639 a
1005 3577 1101 3660 plebe
1124 3579 1307 3640 adhibitam
1336 3601 1446 3663 repre·

219 3705 432 3766 hendendam
462 3724 550 3774 sane,
581 3702 641 3764 sed
677 3702 719 3763 ad
747 3703 904 3764 tuendam
936 3703 1101 3785 plebejam
1133 3703 1346 3786 disciplinam
1373 3726 1446 3767 esse

130 3905 134 3912 Α
221 3831 440 3912 aptissimam.
470 3830 579 3908 Quam
608 3828 650 3890 ob
677 3849 747 3889 rem
781 3830 977 3910 opusculum
1005 3849 1072 3890 non
1095 3829 1130 3889 in
1153 3831 1236 3890 duas
1260 3839 1371 3912 partes
1397 3839 1447 3892 est

219 3957 377 4033 divisum,
403 3976 512 4037 neque
539 3957 575 4017 in
600 3956 798 4016 sententiam
823 3975 937 4015 eorum
952 3957 1001 4015 ire
1024 3963 1164 4036 oportet,
1194 3955 1251 4036 qui
1267 3956 1446 4037 particulas

219 4081 383 4162 quasdam
419 4083 519 4142 alium
550 4083 585 4142 in
617 4081 727 4142 locum
760 4079 1025 4161 transponendae
1053 4099 1125 4140 esse
1155 4081 1443 4143 existimaverunt.

219 4207 378 4268 Attamen
393 4208 429 4268 in
448 4207 658 4289 paragrapho
676 4226 689 4267 1
707 4207 823 4288 capitis
845 4205 893 4265 lll
909 4207 977 4285 (Καὶ
995 4215 1045 4282 τῆς
1067 4205 1228 4283 Ἀθηναίων
1243 4209 1383 4276 πολιτείας
1407 4243 1446 4252 -

219 4331 316 4412 ᾧέγὼ
339 4331 476 4412 ἐπέδειξα)
499 4332 600 4392 totius
624 4331 774 4412 opusculi
796 4331 1043 4391 conclusionem
1066 4331 1174 4413 ipsam
1196 4332 1277 4392 mihi
1302 4332 1446 4411 reperire

215 4456 312 4518 visus
333 4476 417 4526 sum,
435 4465 532 4539 atque
545 4457 641 4518 illum
657 4476 791 4516 sensum
813 4456 916 4516 alium
929 4456 965 4516 in
985 4456 1096 4516 locum
1110 4466 1187 4537 post
1201 4457 1318 4518 ultima
1340 4457 1446 4519 libelli

214 4582 321 4644 verba
336 4582 502 4645 transtuli.

281 4706 316 4767 si
353 4709 430 4788 quis
470 4708 667 4788 scriptorem
706 4706 1011 4788 componendarum
1051 4707 1288 4770 sententiarum
1328 4711 1446 4772 rudem

216 4855 293 4897 esse
320 4835 498 4904 existimat,
528 4833 592 4892 hoc
630 4833 816 4894 admonebo
843 4854 918 4894 eum
950 4833 1077 4895 nullam
1111 4835 1166 4896 vel
1196 4835 1366 4897 doctrinae
1392 4838 1448 4898 vel

912 5053 926 5080 t
