3720 5912
393 623 432 682 50
665 643 734 698 QUO
756 643 912 686 TEMPORE
935 643 1092 687 albustus
1115 644 1165 686 sn·
1187 644 1342 688 scalprus

392 817 454 892 περὶ
476 818 534 872 τοῦ
549 813 685 892 πολέμου.
701 811 776 890 Qua
789 813 823 872 in
838 813 1016 884 locutione,
1033 812 1233 874 vocabulum
1246 821 1304 873 τοῦ
1320 811 1617 874 demonstrativam

391 936 462 998 vim
477 945 623 1017 usurpat.
639 936 736 997 Adde
750 937 840 1018 quod
854 937 1002 1018 plebejae
1021 937 1216 1020 disciplinae
1234 937 1379 998 fautores
1394 937 1617 1019 principatum

391 1060 536 1121 Athenis
562 1070 733 1142 usurpant.
758 1061 889 1144 Quibus
919 1062 959 1122 de
984 1063 1104 1132 causis,
1129 1082 1196 1122 non
1221 1072 1271 1123 est
1290 1062 1363 1123 veri
1383 1060 1490 1122 simile
1515 1060 1617 1121 Athe-

390 1185 523 1246 nienses
545 1186 755 1268 optimatium
779 1187 999 1269 principatum
1025 1207 1097 1248 esse
1116 1195 1271 1269 expertos
1292 1187 1340 1266 (1)
1355 1185 1616 1268 opusculumque

390 1319 541 1372 nostrum
567 1320 642 1372 ante
672 1331 795 1372 annum
819 1312 863 1372 ol.
889 1330 938 1391 91,
966 1312 984 1372 3
1009 1338 1047 1366 =
1063 1311 1122 1388 413
1147 1332 1218 1374 esse
1239 1311 1442 1372 inchoatum.
1466 1309 1511 1372 Ut
1531 1328 1615 1390 quae

390 1445 487 1498 antea
502 1445 579 1498 sunt
598 1436 684 1496 dicta
706 1437 873 1515 colligam,
900 1436 1049 1497 libellum
1075 1437 1115 1496 de
1142 1457 1176 1496 re
1203 1436 1336 1518 publica
1360 1433 1615 1496 Atheniensium

389 1570 466 1626 ante
483 1581 608 1622 annum
630 1562 676 1622 ol.
705 1579 755 1640 91,
778 1561 852 1622 3:
873 1561 932 1638 413
954 1582 1025 1622 esse
1049 1562 1206 1642 scriptum
1228 1561 1360 1642 opinor.
1391 1562 1502 1639 Quare
1529 1558 1617 1618 inter

389 1709 494 1749 annos
509 1689 567 1765 445
583 1697 616 1749 et
630 1685 689 1764 413
710 1706 785 1747 eum
808 1706 881 1747 esse
901 1686 1122 1768 compositum
1137 1685 1301 1747 contendo
1323 1687 1378 1764 (a).

450 1813 486 1878 Si
510 1814 585 1894 quis
608 1812 804 1894 opusculum
825 1819 947 1872 attente
968 1811 1188 1893 perpenderit,
1204 1811 1300 1892 plura
1318 1811 1442 1872 indicia
1461 1809 1613 1892 reperiet,

388 1955 447 2016 per
467 1956 553 2016 quae
574 1945 714 2018 tempus,
739 1957 805 2017 quo
826 1935 959 1996 libellus
982 1945 1032 1997 est
1055 1935 1173 2005 editus,
1196 1935 1343 1996 definiet.

448 2059 487 2120 In
511 2080 641 2142 paragr.
663 2080 674 2118 1
700 2061 798 2142 capit.
825 2059 867 2130 11,
894 2060 1036 2141 scriptor
1057 2059 1252 2119 sententiam
1277 2058 1318 2118 de
1342 2058 1488 2119 exercitu
1512 2057 1616 2118 Athe·

387 2185 552 2246 niensium
575 2185 628 2246 his
651 2185 762 2247 verbis
788 2185 994 2267 exprompsit
1018 2206 1024 2243 :
1050 2190 1088 2243 Τὸ
1112 2187 1141 2244 δὲ
1169 2187 1312 2244 ὀπλιτικὸν
1337 2185 1440 2255 αὐτοῖς,
1468 2191 1481 2243 ὃ
1510 2183 1616 2262 ἥκιστα

387 2314 464 2370 δοκεῖ
487 2309 516 2370 εὖ
540 2313 615 2392 ’ἐχειν
650 2309 814 2388 Ἀθήνησιν,
843 2311 916 2370 οὕτω
944 2311 1113 2386 καθέστηκει
1140 2319 1195 2368 τῶν
1221 2315 1272 2389 μὲν
1294 2312 1437 2389 πολεμίων
1459 2308 1561 2386 Ιἥττους
1582 2333 1615 2366 τε

386 2443 454 2519 σφᾶς
476 2424 572 2503 αὐτοὺς
587 2439 721 2516 ἡγοῦνται
738 2436 806 2494 εἶναι
823 2425 868 2494 καὶ
884 2439 978 2514 μείους
998 2434 1155 2511 (correxit
1169 2432 1331 2506 Cobetus;
1354 2453 1432 2496 msa.
1452 2455 1459 2494 ε
1478 2435 1613 2514 μείζους),

384 2571 441 2620 τῶν
472 2564 501 2620 δὲ
527 2561 695 2642 συμμάχων,
719 2565 745 2619 οἳ
769 2561 879 2644 φέρουσι
900 2565 947 2618 τὀν
975 2563 1056 2641 φόρον
1078 2565 1123 2618 καὶ
1145 2561 1217 2617 κατὰ
1243 2568 1297 2639 γῆν
1318 2560 1460 2640 κράτιστοί
1482 2565 1543 2630 εἰσι,
1568 2566 1615 2618 καὶ

386 2690 525 2764 νομίζουσι
549 2693 580 2746 τὸ
606 2689 749 2760 ὁπλιτικὸν
773 2685 866 2766 ἅρκειν
890 2684 1046 2761 (correxit
1065 2683 1102 2746 P.
1125 2684 1160 2747 L.
1183 2683 1338 2755 Comitem
1365 2703 1469 2744 mss.:
1492 2685 1612 2767 ἄρχειν),

385 2817 407 2869 εἰ
426 2814 493 2888 [τῶν
510 2812 679 2892 συμμάχων]
697 2811 851 2892 κρείττονες
868 2815 928 2868 εἱσι.
949 2807 1101 2886 Quocum
1116 2807 1189 2868 loeo
1204 2808 1307 2869 verba
1321 2807 1470 2870 conferas
1486 2793 1587 2869 velini
1605 2830 1612 2867 :

389 2935 470 3003 Ὲνὸς
486 2938 515 2994 δὲ
532 2938 634 3002 ἐνδεεῖς
649 2941 726 2994 εἰσιν
740 2939 763 2992 εἰ
776 2935 827 3015 γὰρ
841 2943 926 3008 νῆσον
940 2939 1079 3001 οἰκοῦντες
1092 2936 1347 3016 θαλαττοκράτορες
1362 2930 1433 3011 ἦσαν
1451 2933 1612 3010 Ἀθηναῖοι,

383 3066 507 3143 ὑπῆρχεν
542 3060 573 3120 ἂν
605 3060 697 3126 αὐτοῖς
724 3067 812 3118 ποιεῖν
843 3064 894 3138 μὲν
924 3068 1028 3130 κακῶς,
1056 3064 1078 3116 εἱ
1103 3057 1271 3136 ἠῦοιίλοντο,
1300 3061 1418 3143 πάσχειν
1448 3063 1477 3119 δὲ
1508 3061 1612 3140 μηδὲν,

383 3185 433 3252 ἕως
453 3195 504 3262 τῆς
524 3187 664 3261 θαλάττης
684 3180 784 3267 ἦγχον,
802 3186 876 3263 μηδὲ
897 3190 1039 3263 τμηθῆναι
1058 3184 1111 3261 τὴν
1130 3185 1220 3243 αὐτῶν
1241 3193 1294 3263 γῆν
1315 3187 1388 3264 μηδὲ
1408 3187 1615 3268 προσδέχεσθαι

381 3312 445 3377 τοὺς
468 3313 628 3387 πολεμίους·
651 3317 697 3369 νῦν
727 3313 756 3368 δὲ
781 3315 805 3368 οἱ
831 3317 1020 3391 γεωργοῦντες
1046 3316 1090 3369 καὶ
1129 3315 1151 3368 οἱ
1181 3312 1307 3370 πλούσιοι
1340 3309 1499 3388 Ἀθηναίων
1525 3313 1615 3394 ὑπέρ-

382 3457 479 3518 χονται
505 3435 568 3502 τοὺς
596 3437 746 3514 πολεμίους
773 3436 891 3513 μᾶλλον·
920 3439 934 3491 b
963 3436 992 3492 δὲ
1020 3436 1108 3513 δῆμος
1137 3432 1186 3492 σ’ἱτε
1216 3431 1245 3492 εὖ
1273 3433 1351 3501 εἰδὼς
1379 3435 1419 3494 ὅτι
1449 3435 1528 3494 οὐδὲν
1555 3446 1616 3495 τῶν

429 3626 524 3688 (1)At
541 3626 649 3676 dixerit
665 3626 773 3692 aliquis
790 3628 866 3678 hune
884 3629 979 3678 locum
1000 3629 1173 3693 paragraphi
1196 3631 1224 3678 15
1249 3631 1367 3680 secundi
1386 3630 1490 3694 eapitis
1510 3635 1616 3678 contra

383 3718 457 3768 quae
472 3713 661 3794 expromptae
677 3708 736 3756 sint
748 3707 845 3756 afferri
860 3722 967 3772 posse·
983 3707 1079 3802 Προς
1073 3703 1102 3760 δε
1118 3706 1225 3769 τούτοις
1242 3726 1287 3760 και
1306 3704 1401 3784 ἐτέρου
1422 3703 1500 3768 δέους
1515 3698 1615 3778 ἀπηλ-

383 3777 663 3856 λαγμένοιᾶνήσαν,
683 3783 968 3877 εἱνῆσονιξ3κουν,..
981 3781 1079 3860 ,μήῧ
1097 3763 1610 3882 αυστασιασαιτιυδιγμοιμιγδεν

383 3863 429 3914 νῦν
446 3862 497 3936 μὲν
512 3861 564 3940 γὰρ
578 3865 601 3917 εἰ
614 3861 802 3929 στασιάσειαν,
816 3843 945 3919 ἐλπίδα’
931 3884 963 3919 αν
978 3863 1092 3943 ἔχοντες
1106 3863 1204 3930 ἐντοῖς
1219 3862 1389 3963 πολεμίοις
1375 3887 1407 3921 αν
1420 3862 1613 3934 στασιάσειαν,

384 3939 421 4003 ὡς
437 3941 508 3996 κατὰ
523 3948 577 4018 γῆν
594 3939 770 4020 ἑπαξόμενοι·
788 3942 856 3998 εἰδὲ
871 3949 991 4022 νῆσον
977 3944 1068 3998 ὤκουν
1089 3948 1133 4000 καὶ
1153 3942 1234 4000 τουτ’
1252 3941 1284 4000 ἂν
1300 3939 1432 4010 ἀδεῶς
1408 3966 1483 4022 ειχεν
1504 3941 1613 4010 αυτοῖς.

385 4023 439 4072 Sed
455 4026 480 4074 si
500 4027 567 4091 quis
589 4028 738 4076 contendit
758 4027 932 4076 sententiam
954 4043 1049 4076 meam
1069 4029 1201 4078 hocloco
1221 4029 1323 4093 refelli,
1340 4029 1448 4078 iniitias
1470 4029 1529 4078 ibo.
1551 4030 1616 4079 Hoc

384 4103 461 4152 enim
476 4107 618 4154 admoneo
634 4107 804 4170 scriptorem
819 4107 849 4155 in
867 4108 924 4156 isto
942 4121 1028 4156 sensu
1045 4123 1138 4171 neque
1155 4123 1293 4171 praesens
1310 4125 1404 4174 neque
1420 4109 1617 4174 praeteritum

384 4189 498 4248 tempus
515 4187 694 4247 adhibuisse,
710 4187 760 4236 sed
779 4177 905 4260 ἀόριστον
927 4193 1010 4248 atque
1030 4179 1161 4256 εὐκτικὴν
1183 4182 1308 4260 ’ἔγκλισιν
1329 4191 1527 4254 usurpavisse.
1546 4190 1617 4252 Quo

384 4262 418 4311 fit
430 4269 464 4313 ut
479 4267 635 4329 optimates
655 4282 669 4314 a
688 4267 921 4316 Lacedaemoniis
939 4265 1081 4314 auxilium
1097 4281 1183 4329 posse
1203 4274 1299 4331 petere
1323 4269 1373 4318 sed
1390 4284 1450 4318 non
1470 4269 1618 4333 petivisse

385 4345 436 4392 hoc
451 4345 513 4394 loco
526 4345 651 4409 scriptor
668 4337 884 4411 significaverit.
900 4345 1013 4407 Quibus
1031 4346 1065 4394 de
1083 4348 1185 4405 causis,
1204 4348 1228 4395 si
1245 4349 1311 4412 quis
1329 4349 1404 4398 hunc
1421 4348 1517 4398 locum
1532 4355 1618 4400 attu-

385 4423 459 4486 lerit,
476 4426 649 4476 sententiam
664 4441 759 4476 meam
774 4441 833 4476 nou
845 4425 965 4482 refellet,
981 4426 1032 4475 sed
1045 4426 1144 4490 potius
1158 4427 1350 4478 confirmabit.

431 4506 472 4568 (a)
488 4505 551 4567 Quo
569 4507 600 4555 fit
617 4512 650 4555 ut
669 4521 729 4556 non
743 4507 856 4571 possim
876 4507 947 4570 quin
967 4507 1139 4556 sententiam
1155 4521 1170 4555 a
1185 4506 1297 4557 Belotio
1316 4510 1347 4557 in
1366 4508 1505 4574 opusculo
1525 4524 1618 4573 supra

385 4583 503 4635 laudato
516 4591 720 4651 expromptam
733 4586 892 4650 repudiem.
904 4585 1033 4635 Bel'otius
1044 4585 1121 4634 euim
1133 4587 1306 4650 opusculum
1317 4593 1450 4637 nostrum
1459 4587 1535 4636 nihil
1547 4603 1617 4638 esse

386 4665 510 4714 ducebat
525 4667 582 4714 nisi
595 4667 749 4730 epistolam
760 4681 777 4715 a
792 4666 980 4730 Xenophonte
993 4667 1056 4729 ipso
1069 4666 1205 4729 scriptam
1219 4667 1409 4732 Agesilaeque
1421 4667 1619 4718 Lacedaemo-

386 4746 501 4795 niorum
516 4747 578 4810 regi
595 4760 672 4795 anno
690 4747 737 4807 378
758 4751 824 4794 ante
840 4745 909 4794 ι1.·(1.
930 4749 1032 4794 natum
1050 4746 1179 4795 missam.
1196 4748 1289 4808 Quam
1308 4747 1474 4812 opinionem
1493 4747 1618 4799 minime

385 4825 569 4890 probabilem
581 4840 643 4875 esse
657 4841 715 4875 non
731 4826 834 4875 dubito
851 4824 922 4890 quin
937 4839 1037 4874 omnes
1054 4828 1245 4876 consentiant.
