3720 5912
381 589 419 664 αξ
723 608 765 648 nu
787 607 914 648 tinctu
937 607 1052 648 ronna
1075 607 1271 652 otsrurmo

380 783 540 837 suaserat.
567 774 662 836 Hune
683 776 786 857 igitur
808 775 916 836 locum
943 798 950 836 τ
977 781 1033 836 Καὶ
1052 785 1104 852 τῆς
1133 775 1294 853 Ἀθηναίων
1313 779 1454 844 πολιτείας
1481 782 1530 836 τδν
1554 781 1608 857 μὲν

380 905 482 980 τρόπον
497 900 548 960 οὑκ
568 903 683 960 ἐπαινῶ·
701 904 853 982 ἐπειδήπερ
874 901 1008 970 δ’δδοξεν
1024 901 1117 969 αὐτοῖς
1132 904 1371 984 δημοκρατεῖσθαι
1386 900 1417 961 εὖ
1433 925 1479 978 μοι
1494 905 1608 962 δοκοῦσι

381 1027 563 1108 διασῴζεσθαι
587 1027 641 1103 τὴν
666 1029 869 1108 δημοκρατίαν,
895 1033 986 1107 τούτῳ
1007 1039 1047 1108 τῷ
1067 1032 1160 1108 τρόπῳ
1184 1033 1336 1108 χρώμενοι,
1358 1025 1381 1107 ᾧ
1403 1026 1460 1108 ἐγὼ
1481 1025 1607 1096 ἐπέδειξα

380 1151 626 1232 transponenda
656 1171 729 1212 esse
754 1171 874 1213 censeo
904 1160 981 1234 post
1005 1151 1123 1212 ultima
1152 1151 1257 1212 libelli
1290 1151 1392 1213 verba
1424 1158 1520 1212 Ταῦτα
1549 1153 1606 1235 χρὴ

383 1277 564 1356 λογιζόμενον
577 1277 618 1354 μὴ
634 1279 756 1354 νομίζειν
771 1273 842 1334 εἷναί
853 1299 879 1333 τι
896 1277 984 1334 δεινδν
1000 1273 1054 1334 ἀπὸ
1070 1285 1127 1334 τῶν
1138 1273 1245 1354 ἀτίμων
1262 1275 1419 1352 Ἀθήνησιν
1430 1275 1543 1356 (capit.
1558 1273 1608 1334 Ill

381 1419 492 1481 parag.
522 1398 583 1477 13).
608 1397 656 1459 Nc
680 1399 755 1480 quis
776 1399 840 1459 hoe
866 1399 949 1460 mihi
969 1400 1102 1460 crimini
1126 1399 1193 1471 det,
1216 1399 1317 1480 quod,
1342 1399 1494 1461 eamdem
1518 1399 1608 1460 viam

380 1534 480 1606 atque
500 1523 727 1586 Kirehholiius
749 1525 934 1605 ingressus,
951 1524 1103 1586 ordinem
1125 1527 1365 1586 sententiarum
1385 1526 1422 1586 in
1436 1523 1609 1586 codicibus

382 1651 542 1712 traditum
561 1650 823 1732 perturbandum
847 1669 919 1710 esse
938 1649 1149 1720 contendam,
1175 1650 1300 1710 nullam
1320 1651 1386 1710 uisi
1410 1648 1609 1710 sententiam

382 1777 475 1838 illam
490 1775 593 1836 alium
604 1777 639 1836 in
653 1775 763 1836 locum
777 1761 987 1836 transferam.
1004 1774 1079 1854 Qua
1090 1775 1308 1836 translatione
1318 1775 1492 1856 pristinam
1502 1773 1609 1836 libelli

383 1901 525 1962 formam
561 1921 579 1962 a
615 1899 736 1961 scribis
770 1899 1020 1982 editoribusque
1053 1899 1271 1962 adulteratam
1307 1900 1389 1960 mihi
1423 1899 1609 1960 restituisse

384 2027 512 2102 videor,
528 2027 633 2106 utqui
658 2025 864 2108 opusculum,
881 2045 900 2085 a
915 2025 1085 2086 veteribus
1098 2025 1196 2088 nobis
1209 2025 1379 2094 traditum,
1396 2024 1610 2086 terminatum

384 2171 458 2215 esse
482 2153 683 2214 existimem.
709 2151 744 2211 Si
772 2152 846 2232 quis
874 2171 936 2212 nos
959 2151 1155 2212 admonebit
1175 2151 1357 2212 sententias
1379 2151 1414 2211 in
1436 2150 1542 2231 capite
1560 2147 1611 2210 111

385 2286 601 2358 expromptas
619 2277 732 2338 verbis
744 2279 835 2337 τᾶλλα
848 2279 1059 2358 διαπράττεσίει
1075 2277 1243 2358 designari
1257 2296 1367 2358 posse,
1381 2275 1472 2336 baud
1485 2275 1611 2336 infitias

386 2401 454 2462 ibo.
488 2400 620 2462 Etenim
649 2422 755 2484 neque
788 2403 830 2463 de
855 2404 902 2463 rei
934 2402 1085 2483 publicae
1121 2402 1289 2484 principio
1314 2421 1422 2482 neque
1450 2399 1491 2461 de
1518 2399 1611 2460 illius

386 2527 585 2609 disciplinae
601 2528 706 2589 salute
721 2527 790 2588 ullo
803 2529 839 2588 in
853 2528 927 2588 loco
940 2529 1064 2609 agitur3
1081 2528 1142 2588 sed
1154 2536 1271 2588 contra
1284 2526 1396 2587 dicere
1407 2545 1550 2606 aequum
1562 2533 1615 2586 est

386 2671 440 2713 res
464 2651 577 2713 verbis
598 2655 689 2714 τᾶλλα
709 2655 922 2736 διαπράττεσθαι
946 2653 1148 2734 significatas
1163 2653 1199 2712 in
1214 2651 1379 2732 capitibus
1400 2651 1415 2711 I
1436 2659 1471 2712 et
1487 2650 1520 2710 ll
1542 2669 1612 2710 nott

385 2797 551 2858 nusquam
576 2796 648 2838 esse
674 2787 840 2841 tractatas,

445 2898 484 2960 In
507 2899 718 2981 paragrapho
747 2918 776 2969 α,
803 2899 885 2959 duas
911 2899 1091 2980 particulas
1119 2861 1315 2963 discernam.
1339 2899 1378 2960 ln
1399 2900 1503 2969 altera
1523 2899 1613 2960 enim

386 3023 528 3106 scriptor
555 3023 700 3085 ostendit
730 3025 782 3084 cui
808 3024 931 3084 civium
966 3023 1077 3084 ordini
1104 3025 1309 3106 principatus
1335 3026 1379 3085 sit
1403 3024 1579 3085 mandatus
1603 3047 1610 3082 ι

387 3155 504 3233 Πρῶτον
527 3157 577 3230 μὲν
603 3147 649 3209 οὖν
671 3158 754 3210 τοῦτο
774 3154 828 3232 ἐρῶ
852 3151 893 3210 ὅτι
913 3153 1024 3217 δικαίως
1048 3149 1141 3209 αὐτόθι
1166 3157 1211 3209 καὶ
1234 3156 1257 3209 οἱ
1280 3151 1399 3226 πένητες
1419 3157 1465 3209 καὶ
1489 3157 1503 3210 δ
1524 3152 1614 3228 δῆμος

385 3277 470 3335 πλέον
497 3277 557 3359 ἔχει
582 3285 639 3335 τῶν
666 3279 800 3356 γενναίων
830 3283 874 3335 καί
901 3285 957 3335 τῶν
984 3278 1133 3336 πλουσίων.
1163 3273 1239 3354 Quo
1265 3276 1301 3336 in
1332 3294 1441 3345 sensu,
1473 3273 1614 3336 verbum

386 3399 479 3460 αὐτόθι
517 3399 654 3460 maximi
695 3401 854 3460 momenti
895 3419 967 3460 esse
1009 3400 1180 3470 existimo,
1217 3409 1331 3481 utpote
1368 3399 1456 3481 quod
1491 3406 1615 3460 attente

386 3525 573 3608 perpendas
604 3525 719 3588 velim.
752 3524 839 3586 Nam
869 3525 930 3586 illo
963 3525 1066 3586 verbo
1098 3525 1243 3606 scriptor
1266 3545 1328 3586 nos
1358 3524 1515 3585 admonet
1541 3545 1615 3586 sese

386 3650 426 3710 de
447 3649 572 3711 nullius
597 3651 741 3711 civitatis
765 3651 832 3711 nisi
859 3651 1068 3712 Athenarum
1092 3650 1266 3733 disciplina
1292 3651 1327 3711 in
1353 3650 1568 3732 paragraphis
1596 3671 1615 3710 α

386 3785 419 3835 et
446 3774 465 3836 3
493 3794 565 3837 esse
594 3783 755 3836 acturum.
791 3775 922 3857 Quippe
958 3775 1098 3837 verbum
1127 3777 1221 3835 αὐτόθι
1252 3775 1361 3836 verbis
1392 3781 1547 3856 πανταχοῦ,
1578 3775 1616 3834 in

387 3901 596 3981 paragrapho
620 3902 650 3978 4,
676 3909 708 3962 et
731 3903 759 3960 ἐν
781 3902 858 3984 πάσῃ
884 3912 932 3984 γῇ,
957 3901 993 3962 in
1014 3901 1222 3982 paragrapho
1244 3900 1273 3971 5,
1299 3899 1487 3982 respondet.
1513 3899 1615 3980 Apud

388 4025 609 4086 Athenienses
641 4027 865 4107 principatum
901 4025 997 4107 plebs
1032 4034 1180 4106 usurpat.
1212 4024 1319 4104 Quam
1347 4024 1440 4104 vulgi
1466 4024 1616 4084 domina·

387 4153 508 4211 tionem
534 4152 676 4232 scriptor
704 4151 856 4232 explicat,
884 4151 975 4232 quod
999 4150 1093 4232 plebs
1117 4170 1220 4211 naves
1248 4159 1326 4230 agat
1350 4157 1617 4231 potestatemque

385 4277 515 4337 civitati
541 4276 706 4337 conciliet.

447 4401 485 4462 ln
508 4401 612 4462 altera
640 4385 976 4482 autem'paragraphi
996 4411 1102 4482 parte,
1130 4421 1196 4482 quo
1226 4401 1326 4462 modo
1356 4400 1616 4462 Atheniensium

383 4526 479 4608 plebs
516 4525 657 4607 imperio
686 4525 745 4586 illo
773 4534 884 4586 utatur
913 4525 1128 4586 demonstrat.
1168 4524 1327 4586 Omnium
1362 4525 1616 4605 magistratuum

383 4671 441 4712 seu
463 4671 523 4734 per
544 4660 665 4712 sortem
688 4671 747 4712 seu
771 4671 831 4733 per
854 4651 1047 4733 suffragium
1065 4671 1163 4712 nemo
1185 4670 1252 4711 non
1270 4652 1306 4710 fit
1327 4651 1489 4732 particeps
1514 4659 1614 4730 atque

382 4775 506 4837 civium
533 4776 641 4836 cuivis
665 4775 753 4857 apud
776 4775 937 4858 populum
959 4777 1144 4836 orationem
1166 4775 1290 4836 habere
1312 4776 1391 4836 lieet
1422 4797 1428 4834 :
1534 4776 1615 4834 δοκεῖ
