3720 5912
442 692 481 752 62
960 706 1145 751 cosunusro

442 877 691 940 exercitationis
720 877 809 940 viam
835 893 908 938 esse
934 876 1132 956 ingressum,
1155 875 1214 936 sed
1237 873 1434 955 opusculum
1455 873 1669 933 inchoavisse

442 1008 539 1084 atque
571 1000 713 1062 edidisse
749 1010 786 1061 ut
819 1019 913 1061 suam
948 999 990 1060 ad
1028 999 1227 1082 sententiam
1261 999 1435 1081 optimates
1474 997 1666 1059 adduceret.

443 1123 644 1190 Persuasum
659 1125 748 1186 enim
770 1124 916 1186 habebat
937 1125 1113 1206 optimates
1133 1123 1233 1205 longe
1256 1143 1276 1184 a
1302 1131 1390 1184 recta
1418 1124 1474 1184 via
1499 1123 1667 1192 deerrare,

442 1271 515 1314 cum
531 1250 621 1334 plebi
641 1251 793 1333 publicos
812 1270 922 1312 mores
944 1249 1075 1310 crimini
1098 1249 1226 1319 darent,
1245 1249 1367 1330 quippe
1387 1249 1446 1330 qui
1467 1249 1571 1309 satius
1593 1265 1671 1308 esse

442 1377 648 1440 existimaret
669 1377 778 1458 ipsam
806 1375 951 1437 civitatis
975 1373 1197 1456 disciplinam,
1231 1374 1273 1434 ad
1303 1374 1463 1436 tuendum
1491 1373 1672 1456 imperium

441 1501 644 1562 maritimum
670 1501 887 1581 aptissimam,
912 1500 964 1560 vel
988 1499 1183 1580 perturbare
1205 1497 1256 1558 vel
1276 1500 1440 1580 integram
1464 1519 1501 1560 ac
1526 1497 1672 1559 solidam

441 1645 515 1686 csse
544 1625 622 1708 pati,
652 1633 699 1695 ut,
732 1623 761 1684 si
787 1644 872 1704 quae
903 1622 1078 1684 commoda
1106 1643 1147 1684 ex
1173 1642 1212 1683 ea
1241 1624 1412 1705 percipere
1441 1633 1586 1704 possent,
1620 1623 1672 1682 eis

440 1751 640 1812 fruerentur.
680 1747 807 1810 Omnes
832 1748 933 1829 igitur
965 1748 1007 1808 de
1038 1747 1144 1808 libelli
1172 1747 1278 1809 forma
1312 1749 1552 1830 disputationes
1590 1755 1674 1808 sunt

440 1884 567 1945 irritae.
598 1883 654 1944 Ad
678 1903 854 1957 summam,
874 1881 1071 1963 opusculum
1097 1890 1260 1952 nostrum,
1288 1901 1376 1942 anuo
1400 1883 1460 1959 [μή
1483 1890 1558 1942 ante
1580 1880 1599 1941 J
1606 1880 1670 1940 .-C.

440 2018 554 2070 uatum
594 2007 765 2089 scriptum,
803 2006 890 2066 nihil
936 2027 1008 2066 esse
1048 2015 1128 2088 puto
1169 2007 1235 2067 nisi
1279 2007 1591 2068 commentationem
1627 2005 1673 2066 ab

440 2133 598 2216 optimate
622 2132 766 2213 quodam
793 2132 834 2193 dc
851 2132 981 2192 ratione
1001 2130 1042 2192 ab
1064 2131 1279 2213 optimatibus
1302 2132 1338 2193 in
1363 2133 1495 2192 civitate
1517 2131 1673 2192 adhibita

440 2268 539 2339 atque
572 2259 613 2322 de
647 2258 695 2318 rei
722 2257 873 2339 publicae
907 2257 1164 2318 Atheniensium
1196 2257 1374 2339 disciplina
1404 2257 1539 2318 editam.
1566 2256 1673 2336 Quod

441 2383 523 2444 mihi
538 2401 778 2465 proposueram
803 2401 876 2441 sum
891 2371 1074 2452 assecutus,
1097 2382 1125 2442 si
1140 2382 1378 2443 sententiarum
1395 2381 1547 2443 ordinem
1567 2381 1673 2442 nobis

439 2507 597 2568 traditum
613 2505 813 2568 servandum
828 2525 900 2566 esse
912 2505 1065 2587 probavi,
1085 2506 1112 2565 si
1122 2506 1273 2567 intimam
1286 2507 1455 2588 scriptoris
1467 2507 1672 2568 sententiam

439 2633 625 2715 explanavi,
663 2633 799 2713 ejusque
834 2631 983 2693 libellum
1010 2652 1078 2691 non
1110 2630 1216 2692 solum
1247 2631 1511 2713 antiquissimum
1548 2633 1671 2694 atticae

440 2757 600 2820 orationis
631 2776 705 2818 esse
734 2767 996 2827 monumentum,
1022 2756 1081 2817 sed
1115 2756 1215 2816 etiam
1238 2738 1434 2838 opusculum
1459 2756 1502 2816 ad
1525 2756 1672 2818 delecta-

438 2883 565 2945 tionem
581 2881 791 2964 aptissimum
815 2901 887 2942 csse
912 2881 1152 2944 demonstravi.
1171 2881 1348 2968 Suntsane
1363 2882 1526 2964 ampliora
1545 2901 1670 2963 opera;

439 3027 606 3091 perpauca
633 3016 710 3068 sunt
734 3005 933 3088 jucundiora
959 3016 991 3066 et
1019 3007 1125 3087 magis
1150 3007 1268 3068 atticae
1288 3007 1431 3068 civitatis
1453 3006 1673 3088 disciplinam

438 3132 657 3218 publicasque
671 3151 783 3222 mores
801 3133 984 3194 illustrant.

1312 3365 1436 3415 Mederic
1453 3365 1587 3416 Duroun.

767 4035 770 4040 Δ
795 3970 862 4020 Vidi
879 3988 912 4022 ac
929 3973 1057 4038 perlegi:

666 4051 795 4101 Lutetiae
810 4051 989 4104 Parisiorum
1000 4056 1031 4104 in
1041 4053 1182 4112 Sorhona,

595 4139 597 4144 '
625 4144 649 4178 a.
669 4131 699 4180 d.
721 4129 758 4178 Xl
775 4131 838 4182 Kal.
852 4134 910 4182 mai
927 4149 1004 4184 anno
1017 4131 1232 4190 MDCCCXCVI,

485 4209 641 4259 Facultatis
657 4209 830 4260 Litterarum
847 4213 877 4260 in
896 4214 1046 4262 Academia
1062 4211 1216 4261 Peristensi
1228 4211 1380 4263 Dec-anus:

836 4293 1042 4349 A.lssMLY.

1210 4417 1300 4482 Typis
1320 4419 1486 4471 mandetur.

1110 4499 1283 4548 Academiae
1300 4499 1472 4550 Parisiensis
1490 4501 1621 4557 Rector:

1263 4578 1438 4636 GREARD.
