3720 5912
572 685 614 728 DE
637 685 763 728 LIBELLI
787 685 904 728 FORMA
924 683 1124 729 ntsrurnrlo
1428 685 1461 748 15

237 853 468 936 perturbatum
494 873 566 916 esse
596 862 698 937 putat.
727 854 827 916 Plura
850 855 938 916 enim
963 853 1043 915 folia
1066 855 1170 915 alium
1197 854 1365 915 inlocum
1391 873 1464 916 esse

238 980 450 1060 transposita,
487 979 586 1062 plura
620 979 720 1041 etiam
755 980 879 1042 amissa
917 980 988 1041 veri
1026 979 1230 1042 simillimum
1262 980 1294 1040 ei
1320 979 1464 1041 videtur.

238 1099 428 1166 Librarium
452 1105 556 1187 igitur
580 1104 757 1187 quomdam
781 1125 906 1166 novum
932 1105 969 1166 in
996 1104 1149 1187 ordinem
1178 1105 1331 1187 opusculi
1355 1080 1467 1187 partes

239 1228 406 1311 redegisse
429 1229 606 1292 existimat.
633 1229 747 1310 ltaque
774 1230 950 1311 pristinam
974 1247 1085 1290 rerum
1109 1229 1378 1292 distributionem
1401 1249 1468 1289 res-

239 1353 358 1415 tituere
375 1353 439 1414 sibi
455 1355 638 1438 proposuit,
656 1363 698 1423 et,
711 1355 810 1414 aliam
833 1363 929 1435 atque
949 1352 1175 1416 Kirchhossius
1190 1355 1279 1415 viam
1297 1354 1468 1435 ingressus

240 1478 406 1560 aliamque
426 1478 618 1561 disputandi
637 1479 802 1540 rationem
816 1487 963 1551 secutus,
984 1497 1056 1540 rem
1074 1487 1187 1540 tamen
1209 1477 1347 1540 adeum
1368 1477 1469 1538 finem

239 1602 406 1684 perduxit,
436 1612 473 1664 ut
500 1603 660 1664 traditum
688 1604 925 1664 sentcntarium
947 1601 1099 1664 ordinem
1122 1603 1350 1666 vehementius
1369 1602 1470 1664 etiam

240 1747 340 1809 qnam
363 1727 591 1789 Kirchhoffins
620 1728 832 1809 discerpserit
853 1737 952 1810 atque
976 1727 1152 1790 divellerit.
1176 1727 1269 1808 Quae
1290 1729 1324 1789 in
1343 1722 1470 1790 ratione

147 1941 150 1948 ,
242 1852 435 1935 disputandi
473 1873 493 1914 a
527 1852 736 1914 Kircbhoffio
772 1853 925 1915 adhibita
963 1853 1240 1935 reprehendimus
1281 1853 1398 1915 eadem
1433 1853 1470 1914 in

244 1977 419 2040 Schmidtii
462 1949 749 2060 argumentatione
793 1979 1067 2060 vituperabimus.
1106 1977 1238 2040 Etenim
1274 1977 1472 2039 Kircbhoffii

243 2103 419 2186 disciplina
446 2105 629 2166 instructus
664 2105 768 2166 alium
802 2103 845 2166 ad
881 2104 1007 2166 exitum
1041 2105 1204 2186 pervenit.
1247 2103 1472 2165 Monumentis

243 2236 352 2288 autem
392 2250 412 2288 a
444 2227 616 2290 veteribus
657 2229 783 2290 exactis
809 2228 1012 2316 parcendum
1040 2248 1112 2290 esse
1139 2247 1246 2310 neque
1281 2228 1346 2289 alio
1375 2236 1472 2309 atque

243 2351 341 2414 nobis
368 2351 566 2414 tradiderint
590 2371 663 2413 esse
688 2352 896 2434 conjicienda
926 2353 1092 2414 existimo.
1116 2351 1188 2414 Hoc
1211 2352 1355 2434 primum
1375 2351 1472 2414 nobis

243 2496 430 2560 proponere
458 2475 630 2550 debemus,
655 2476 737 2558 quid
761 2478 923 2538 senserint
947 2478 1048 2559 prisci
1071 2479 1252 2559 scriptores
1279 2477 1472 2559 intellegere

245 2611 344 2684 atque
366 2601 534 2684 expedire.

307 2725 343 2788 Si
370 2746 456 2808 quae
484 2727 520 2788 in
542 2727 685 2808 singulis
706 2727 858 2810 opusculi
881 2726 1031 2810 partibus
1053 2727 1251 2810 discrepant,
1269 2727 1473 2790 Schmidtius

244 2852 307 2912 hac
335 2851 541 2932 explanandi
568 2852 696 2926 ratione¹
722 2860 772 2912 cst
795 2872 886 2916 usus
913 2852 985 2913 Alii
1010 2852 1164 2914 libellum
1188 2861 1341 2914 nostrum
1369 2851 1473 2913 dialo-

245 2996 334 3057 gum,
360 2975 420 3036 alii
450 2976 638 3058 epistolam,
669 2977 728 3037 alii
754 2977 1079 3050 commentationem,
1103 2977 1162 3038 alii
1187 2977 1372 3038 orationem
1399 2995 1472 3038 esse

148 3103 151 3107 ’
247 3101 500 3162 contenderunt.
536 3099 741 3162 Schmidtius
771 3111 883 3164 autem
917 3081 1115 3185 opusculum
1144 3103 1231 3165 illud
1264 3125 1283 3164 a
1311 3103 1472 3184 scriptore

246 3225 429 3308 perfectum
452 3245 524 3287 esse
551 3235 662 3308 negat,
686 3225 745 3288 sed
771 3227 965 3288 inchoatum
992 3248 1031 3290 ac
1056 3228 1151 3310 quasi
1174 3228 1374 3290 delineatum
1400 3245 1472 3288 esse

247 3361 351 3432 putat.
375 3349 475 3431 Quod
497 3371 572 3412 cum
593 3351 819 3424 adumbraret‚
842 3353 914 3414 veri
941 3361 992 3415 est
1017 3353 1126 3415 simile
1153 3353 1352 3436 scriptorem
1373 3371 1473 3434 quam

247 3475 380 3537 dicendi
417 3477 581 3538 rationem
613 3485 828 3560 anteponeret
857 3478 1087 3549 haesitavisse,
1116 3477 1331 3558 diversasque
1355 3496 1472 3559 expro-

248 3601 387 3663 mendae
422 3601 603 3662 sententiae
624 3601 697 3663 vias
723 3603 923 3683 ingressum,
954 3603 1025 3664 illic
1053 3603 1189 3685 dialogi,
1216 3603 1272 3664 hic
1298 3601 1470 3684 epistolae,

248 3725 313 3787 alio
349 3727 384 3788 in
413 3727 487 3787 loco
520 3726 681 3788 orationis
711 3735 767 3788 aut
798 3729 1089 3791 commentationis
1117 3727 1225 3788 forma
1254 3747 1352 3789 usum
1387 3748 1471 3788 esse.

247 3850 311 3913 Illa
353 3852 531 3914 Schmidtii
580 3853 746 3914 sententia
787 3875 856 3916 non
900 3855 1108 3937 probabilior
1149 3874 1250 3936 quam
1298 3873 1382 3935 quae
1431 3854 1472 3916 de

247 3997 357 4038 rernm
393 3979 509 4041 ordine
546 3983 686 4063 conjecit
720 3981 804 4042 mihi
838 3979 981 4041 videtur.
1017 3979 1052 4041 Si
1087 3981 1285 4063 opusculum
1321 3990 1472 4042 nostrum

248 4101 289 4164 de
316 4124 350 4164 rc
377 4105 509 4186 publica
537 4105 795 4168 Atheniensium
819 4105 1012 4167 inchoatum
1042 4105 1150 4167 solum
1183 4115 1214 4166 ct
1238 4105 1471 4166 adumbratum

248 4245 320 4288 esse
355 4227 575 4299 contenderis
612 4230 740 4292 infitias
780 4229 846 4294 ibo.
886 4227 971 4290 Nam
1003 4231 1032 4290 si
1063 4231 1138 4310 quis
1170 4229 1264 4290 locus
1300 4228 1472 4312 imperfec-

248 4361 302 4412 tus
327 4352 471 4426 videtur,
502 4373 578 4415 eum
608 4365 797 4436 temporum
833 4353 1118 4416 vicissitudinibus
1147 4364 1203 4416 aut
1241 4355 1472 4416 audacissimis

248 4476 434 4538 editoribus
462 4489 657 4562 corruptum
684 4499 756 4542 esse
790 4480 920 4562 opinor.
961 4478 1027 4540 Sed
1054 4479 1218 4562 plurimos
1243 4488 1275 4542 et
1303 4479 1473 4541 absolutos

247 4601 340 4662 locos
376 4603 539 4668 invenias.
577 4603 733 4665 Extrema
767 4605 938 4686 scriptoris
972 4624 1100 4676 manuS,
1134 4624 1208 4666 mea
1234 4595 1370 4686 quidem
1401 4624 1473 4665 sen·

249 4725 363 4798 tentia,
385 4727 545 4810 opusculo
567 4736 682 4790 nostro
701 4729 851 4791 accessit.
873 4727 983 4790 Manci
999 4749 1089 4806 sane,
1110 4749 1178 4790 uon
1199 4727 1353 4791 informis
1368 4727 1474 4790 libelli

250 4852 394 4932 speciem
415 4852 561 4934 praebet.
588 4854 755 4932 Attamen,
782 4864 819 4916 ut
840 4855 884 4916 sit
906 4855 1015 4916 solum
1038 4854 1282 4926 adumbratum,
1309 4874 1377 4915 non
1404 4875 1477 4936 pro·

1253 5059 1342 5103 Dniour.
1358 5082 1384 5093 -
1398 5062 1421 5103 2.
