3720 5912
415 695 456 736 Ἦ)
756 693 799 735 DE
820 693 947 736 ulutatu
970 693 1085 736 ΕΟΙΜΔ
1107 695 1307 738 nlsrurfflo

415 871 524 923 antem
546 861 706 924 tredecim
732 863 845 922 insunt
865 862 1078 944 paragraphi.
1107 862 1156 922 Ex
1183 864 1294 945 primo
1319 871 1352 922 ct
1369 861 1515 924 secundo
1536 861 1644 942 capite

414 988 509 1068 qnasi
523 1007 643 1068 corpus
663 985 831 1068 quoddam
855 995 1005 1047 constare
1020 987 1163 1058 videtur,
1180 989 1303 1069 qnippe
1324 986 1414 1068 quod
1434 986 1547 1068 plures
1569 1005 1642 1044 sen-

413 1112 534 1172 tentiae
549 1110 804 1191 subsequantur,
826 1111 861 1170 in
874 1109 998 1191 quibus
1012 1112 1201 1193 superiores
1220 1111 1517 1192 argumentationis
1529 1117 1641 1192 partes

413 1235 571 1298 collectae
606 1255 678 1296 esse
715 1234 904 1296 videantur.
948 1234 1028 1295 Post
1053 1245 1164 1296 autem
1196 1237 1330 1296 tertium
1365 1243 1472 1317 caput,
1511 1234 1639 1295 nullam

413 1360 660 1422 conclusionem
682 1379 789 1442 neque
817 1359 923 1420 ullum
945 1361 1110 1422 orationis
1131 1361 1312 1422 terminum
1331 1361 1497 1421 invenias.
1523 1360 1640 1440 ltaque

412 1485 566 1567 pluribus
580 1506 618 1546 ac
632 1486 739 1546 doctis
753 1486 834 1546 viris
848 1485 939 1546 illam
955 1487 1106 1566 opusculi
1123 1495 1251 1567 partem
1264 1485 1468 1547 decurtatam
1479 1506 1552 1546 esse
1566 1487 1639 1546 veri

413 1611 521 1672 simile
547 1612 656 1672 visum
680 1621 742 1671 est.

429 1775 433 1786 ·
473 1736 540 1798 Sed
557 1756 599 1836 ne
621 1736 714 1798 illam
729 1736 982 1816 argumentandi
1006 1738 1095 1796 viam
1113 1736 1352 1817 ingrediamur,
1373 1737 1435 1796 hoc
1459 1737 1640 1798 admonere

360 1855 364 1862 ’
412 1871 542 1944 oportet
563 1862 655 1923 illam
679 1881 826 1942 opernm,
858 1883 877 1920 a
901 1861 1068 1922 veteribus
1097 1861 1196 1922 nobis
1223 1863 1432 1930 traditorum,
1457 1863 1494 1922 in
1520 1864 1638 1944 capita,

411 1988 620 2069 capitumque
639 1988 673 2046 in
691 1987 930 2068 paragraphos,
948 1987 1217 2049 distributionem
1233 2009 1253 2048 a
1273 1987 1516 2048 recentioribus
1537 1989 1639 2050 edito·

412 2113 505 2174 ribus
520 2133 593 2175 esse
606 2112 802 2174 adhibitam.
817 2111 951 2174 Nullius
968 2113 1072 2194 igitur
1086 2115 1246 2175 momenti
1259 2114 1347 2195 apud
1363 2134 1425 2174 nos
1441 2133 1514 2174 esse
1527 2113 1637 2175 debet.

412 2237 532 2298 Melius
547 2247 599 2299 est
612 2238 741 2318 integro
762 2258 800 2297 ac
822 2236 930 2298 libero
945 2239 1058 2299 animo
1078 2259 1238 2319 quaerere
1255 2259 1335 2300 num
1356 2240 1392 2298 in
1405 2259 1471 2319 quo
1487 2239 1640 2320 opusculi

410 2361 483 2422 loco
502 2363 644 2443 scriptor
665 2362 736 2443 ipse
761 2363 928 2444 aperuerit
952 2363 1034 2442 quid
1054 2371 1141 2424 esset
1154 2363 1244 2444 qnod
1258 2363 1401 2444 probare
1414 2363 1517 2424 vellet
1534 2364 1637 2444 parti-

332 2501 336 2509 ’
407 2486 597 2566 tionemque
613 2485 727 2546 fecerit
748 2495 1030 2568 argumentorum,
1055 2486 1175 2568 quibus
1199 2488 1396 2549 sententiam
1418 2488 1637 2548 corroborare

408 2619 506 2691 atque
530 2610 760 2672 demonstrare
785 2611 997 2672 decrevisset.

467 2734 620 2816 Plerique
664 2743 771 2796 autem
815 2736 965 2818 opusculi
998 2737 1104 2796 nostri
1141 2738 1338 2817 interpretes
1370 2737 1564 2818 scriptorem
1598 2737 1637 2796 in

406 2859 505 2940 primi
531 2861 649 2940 capitis
672 2861 880 2942 paragrapho
910 2881 921 2919 1
950 2881 969 2920 a
994 2862 1137 2942 partium
1162 2861 1327 2922 divisione
1350 2862 1484 2922 initium
1507 2861 1637 2941 cepisse

405 2995 657 3046 consenserunt.
686 2984 794 3066 Quem
817 2987 926 3047 locum
950 2995 1026 3046 ante
1053 2986 1167 3047 oculos
1194 2985 1343 3067 prolerre
1372 2996 1530 3068 oportet:

465 3116 534 3190 Περὶ
558 3113 588 3170 δὲ
611 3120 663 3186 τῆς
693 3111 852 3188 Ἀθηναίων
876 3114 1031 3182 πολιτείας,
1057 3112 1097 3170 ὅτι
1124 3118 1175 3191 μὲν
1203 3115 1310 3171 εἰλοντο
1334 3120 1432 3172 τοῦτον
1456 3117 1503 3170 τὸν
1528 3118 1634 3194 τρόπον

404 3245 455 3310 τῆς
477 3238 618 3302 πολιτείας
639 3236 690 3295 οὐκ
710 3239 814 3296 ἐπαινῶ
834 3239 878 3296 διὰ
896 3239 960 3296 τόδε
976 3237 1017 3296 ὅτι
1036 3237 1120 3296 ταῦθ’
1143 3238 1270 3316 ἑλόμενοι
1291 3240 1398 3296 εἵλοντο
1417 3237 1481 3303 τοὺς
1495 3239 1636 3319 πονηροὺς

405 3363 516 3439 ἄμεινον
538 3362 669 3442 πράττειν
694 3363 712 3439 ἤ
734 3363 798 3428 τοὺς
821 3367 972 3444 χρηστούς·
1000 3365 1044 3422 διὰ
1063 3367 1115 3442 μὲν
1139 3360 1186 3422 οὖν
1208 3369 1292 3421 τοῦτο
1316 3363 1367 3421 οὐκ
1387 3366 1501 3425 ἐπαινῶ.
1532 3362 1635 3422 Ἐπεὶ

405 3489 438 3544 δὲ
462 3494 568 3546 ταῦτα
592 3486 979 3558 οὕτωςέδοξεναύτοῖς,
1005 3493 1046 3555 ὡς
1072 3485 1348 3568 εὖδιασῴζονται
1372 3488 1635 3564 τὴνπολιτείαν

405 3618 458 3670 καὶ
486 3611 592 3670 τᾶλλα
623 3611 889 3692 διαπράττονται
923 3615 939 3670 t
972 3615 1131 3670 δοκοῦσιν
1165 3611 1371 3690 ἁμαρτάνειν
1410 3621 1481 3678 τοῖς
1514 3613 1635 3679 ἄλλοις

407 3735 572 3812 Ἕλλησι,
597 3736 695 3794 τοῦτ’
722 3733 902 3804 ἀποδείξω.

464 3859 540 3938 Quo
563 3860 598 3920 in
626 3860 701 3920 loco
727 3859 810 3920 duas
836 3867 946 3941 partes
975 3860 1147 3921 discernas
1170 3859 1274 3920 velim
1302 3882 1308 3919 :

469 3987 515 4062 1⁰)
537 3982 686 4067 Scriptor
706 3986 868 4046 rationem
887 3986 937 4046 rei
951 3984 1103 4066 publicae
1123 3983 1287 4065 gerendae
1307 3985 1348 4046 ab
1371 3985 1636 4048 Atheniensibus

405 4109 590 4172 adhibitam
610 4111 834 4192 reprehendit,
860 4111 950 4191 quod
970 4110 1059 4192 apud
1079 4131 1136 4172 eos
1157 4109 1305 4192 improbi
1322 4111 1474 4172 homines
1496 4110 1635 4172 meliore

405 4235 599 4296 condicione
623 4245 758 4297 utantur
783 4257 883 4316 quam
909 4235 1016 4318 probi.
1044 4234 1142 4296 Haud
1174 4237 1278 4317 igitur
1301 4236 1474 4318 popularis
1497 4236 1636 4316 imperii

405 4361 605 4442 principium
633 4359 762 4442 probat.
790 4379 793 4384 ·

465 4486 512 4563 οῦ)
537 4483 618 4546 Cum
647 4501 757 4546 autem
783 4486 1007 4548 Athenienses
1045 4485 1139 4546 illam
1171 4466 1394 4567 disciplinam
1418 4485 1521 4546 secuti
1551 4487 1632 4560 sint,

404 4631 462 4672 eos
488 4610 600 4673 laudat
627 4611 718 4692 quod
751 4631 824 4673 earn
856 4611 1059 4673 incolumem
1083 4629 1217 4672 servare
1252 4618 1422 4671 conentur.
1452 4609 1567 4690 ltaque
1602 4614 1635 4674 si

404 4737 484 4818 quid
519 4736 566 4798 eis
603 4738 704 4800 ceteri
730 4738 849 4799 Graeci
882 4737 963 4798 dant
989 4737 1135 4812 crimini,
1171 4755 1228 4797 eos
1267 4755 1410 4818 purgare
1447 4735 1631 4800 contendit.

403 4861 534 4924 Etenim
574 4882 658 4942 quae
700 4863 911 4944 optimatium
947 4860 1093 4922 fautores
1126 4862 1316 4941 vituperare
1349 4860 1487 4930 soleant,
1522 4859 1633 4940 ipsam
