3720 5912
561 743 563 748 ·
609 733 651 774 DE
673 731 800 774 Llssutm
825 731 941 774 FORMA
963 731 1161 775 msrurarlo
1460 735 1496 795 19

268 897 309 960 dc
336 900 486 961 oratione
512 918 620 982 neque
644 897 815 962 eleborata
841 919 947 981 neque
975 899 1139 978 absoluta,
1165 900 1225 962 sed
1253 901 1294 962 de
1325 903 1496 965 sententiis

268 1023 356 1106 apud
371 1025 582 1107 optimatium
596 1023 729 1087 sodales
745 1025 786 1086 ab
801 1034 932 1086 oratore
955 1025 1190 1108 expromendis
1202 1027 1258 1108 agi
1278 1027 1493 1100 existimaret,

267 1147 352 1210 nulli
371 1148 523 1231 religioni
546 1149 663 1211 habuit
683 1149 795 1210 hiatus
814 1148 891 1210 illos
906 1149 992 1210 inter
1013 1170 1083 1211 non
1096 1150 1206 1212 nullas
1222 1151 1374 1232 opusculi
1392 1153 1494 1234 parti·

268 1272 369 1343 cules,
395 1272 516 1354 quibus
539 1293 628 1334 nuno
651 1257 861 1345 offendimur,
888 1274 935 1334 eis
958 1273 1131 1336 sententiis
1155 1293 1193 1334 ae
1215 1274 1328 1336 verbis
1347 1276 1492 1358 explere,

267 1415 352 1478 quae
377 1396 559 1479 Phrynichi
581 1417 743 1480 personae
765 1398 998 1459 convenientia
1019 1405 1118 1478 atque
1142 1398 1185 1458 ad
1207 1397 1401 1480 dignitatem
1424 1401 1494 1481 ejus

267 1541 443 1604 moresque
477 1522 729 1584 accommodata
758 1541 831 1585 esse
863 1522 1044 1584 arbitratus
1082 1532 1142 1584 est.
1171 1521 1268 1584 Illam
1294 1524 1494 1605 conjiciendi

266 1647 432 1708 rationem
454 1647 713 1709 incertissimam
733 1667 805 1709 esse
830 1648 919 1709 inter
942 1666 1058 1708 omnes
1083 1649 1252 1710 convenit.
1282 1648 1380 1711 Adde
1404 1649 1495 1732 quod

265 1771 324 1832 illa
347 1772 587 1854 supplementa,
610 1773 733 1853 quibus
754 1771 1195 1853 Muellerus-Struebingius,
1214 1772 1257 1833 ad
1271 1775 1496 1837 connectenda

265 1897 406 1978 disjecta
430 1897 603 1980 scriptoris
624 1897 785 1967 memhra‚
810 1896 946 1958 lacunas
966 1897 1125 1979 explevit,
1141 1895 1185 1957 ad
1203 1897 1378 1960 arbitrium
1393 1899 1495 1962 inter-

265 2022 369 2104 pretis
406 2032 485 2084 sunt
516 2017 714 2104 excogitata.
750 2019 863 2101 Quare
892 2022 929 2083 in
959 2021 1239 2083 commentatione
1269 2022 1312 2083 ab
1341 2043 1381 2084 eo
1407 2025 1496 2086 edita

264 2148 374 2229 potius
399 2148 528 2229 ingenii
558 2157 656 2229 atque
689 2147 858 2209 sollertiae
882 2147 993 2210 lusum
1024 2167 1124 2229 quam
1152 2167 1288 2209 severae
1313 2148 1495 2232 indagandi

264 2271 402 2334 rationis
423 2271 664 2334 documentum
686 2272 850 2334 invenias.

323 2396 471 2480 Longius
493 2399 541 2477 (1)
558 2397 661 2458 aliam
686 2406 786 2478 atque
815 2395 1043 2458 Kirchhossius
1070 2406 1103 2458 et
1129 2396 1494 2461 MuellerusStruebin·

264 2523 339 2604 gius
364 2523 454 2584 viam
478 2531 529 2584 est
552 2523 734 2606 ingressus.
758 2520 892 2582 Tradite
919 2541 1032 2582 rerum
1056 2521 1167 2582 ordini
1187 2530 1220 2582 et
1243 2523 1314 2604 ipse
1333 2524 1492 2606 pepercit,

264 2665 446 2729 omnesque
464 2647 563 2730 longe
583 2668 602 2708 a
620 2656 712 2708 recta
730 2645 970 2728 interpretandi
996 2646 1053 2707 via
1075 2645 1295 2717 deerravisse‚
1317 2656 1494 2730 propterea

264 2771 354 2854 quod
390 2772 572 2834 sententias
611 2772 646 2832 in
685 2771 802 2834 libello
837 2793 857 2832 a
895 2771 1056 2852 scriptore
1091 2781 1305 2854 expromptas
1339 2772 1422 2834 duas
1457 2774 1494 2835 in

264 2906 376 2978 partes
404 2895 600 2958 distributas
627 2915 700 2958 esse
729 2915 925 2977 persuasum
952 2895 1155 2966 habuissent,
1186 2896 1287 2957 novis
1314 2917 1352 2958 ac
1376 2896 1493 2979 proba-

264 3021 390 3084 bilibus
420 3022 624 3104 argumentis
655 3021 884 3082 demonstrare
911 3021 1068 3082 instituit.
1098 3020 1133 3082 Si
1161 3021 1279 3084 falsam
1307 3022 1402 3108 illam
1426 3023 1492 3084 dis·

264 3145 396 3207 serendi
434 3147 599 3208 rationem
637 3146 811 3221 omiseris,
856 3145 1094 3207 sententiarum
1137 3155 1328 3208 contextum
1363 3147 1491 3228 justum

263 3289 323 3332 neo
356 3291 469 3333 rerum
514 3271 666 3333 ordinem
704 3271 774 3331 ullo
818 3270 918 3331 modo
954 3269 1219 3352 perturbandum
1260 3291 1332 3333 esse
1381 3273 1492 3333 existi·

263 3395 382 3458 mabis.
421 3395 581 3458 Eamdem
615 3395 705 3457 viam
736 3402 834 3476 atque
867 3394 1012 3476 Longius
1040 3395 1219 3477 ingressus,
1250 3396 1322 3476 ejus
1349 3397 1492 3478 vestigia

263 3541 337 3582 sum
363 3530 565 3604 persecutus.
595 3519 762 3581 Maximas
790 3519 895 3600 igitur
924 3519 956 3579 ei
993 3519 1116 3600 gratias
1144 3540 1217 3601 ago,
1248 3520 1339 3600 quod
1369 3529 1491 3582 rectam

262 3643 460 3726 inspiciendi
483 3643 589 3706 libelli
612 3644 776 3704 rationem
804 3643 887 3704 mihi
909 3643 1086 3724 aperuerit.
1108 3643 1143 3705 Si
1165 3644 1387 3726 posteriorem
1404 3665 1491 3707 com-

262 3770 476 3831 mentationis
501 3768 756 3831 suae-edidisset
778 3777 918 3851 partem,
938 3777 1077 3831 nonest
1103 3767 1241 3830 dubium
1265 3770 1348 3850 quin
1372 3769 1492 3851 pleros

263 3913 326 3976 que
346 3894 571 3966 difficultates,
590 3895 627 3956 in
649 3893 771 3975 quibus
794 3894 895 3955 etiam
909 3913 996 3955 nunc
1015 3893 1231 3966 haesitamus,
1249 3894 1488 3976 expedivisset.

321 4017 480 4081 Diversas
507 4020 683 4082 doctorum
703 4020 862 4095 virorum,
884 4019 1003 4100 quide
1026 4019 1143 4081 libello
1171 4019 1332 4098 Ἀθηναίων
1353 4023 1490 4082 Πολιτεία

261 4143 421 4226 inscripto
443 4143 682 4215 disseruerunt,
704 4145 884 4205 sententias
905 4143 1055 4205 breviter
1079 4163 1116 4205 ac
1131 4144 1321 4205 summatim
1336 4147 1484 4227 exposui.

262 4268 354 4349 Quas
368 4277 405 4329 ut
423 4267 589 4339 refellam,
610 4269 759 4351 singulas
779 4269 930 4351 opusculi
944 4276 1055 4349 partes
1072 4269 1201 4329 intento
1222 4269 1336 4330 animo
1359 4271 1487 4353 perspi·

261 4413 334 4454 cere
362 4403 394 4454 et
419 4393 625 4475 perpendere
647 4392 791 4476 oport'et.

321 4517 469 4581 Libellus
496 4517 532 4578 in
554 4519 721 4580 codicibus
746 4529 897 4581 servatus
924 4520 959 4579 in
986 4519 1052 4580 tria
1080 4527 1112 4580 et
1136 4518 1283 4601 disparia
1305 4520 1415 4602 capita
1436 4529 1487 4582 est

261 4645 397 4706 divisus.
423 4643 462 4707 In
488 4646 598 4728 primo
623 4645 754 4728 viginti,
782 4643 984 4706 insecundo
1012 4663 1144 4726 quoque
1170 4644 1299 4725 viginti,
1327 4644 1362 4704 in
1387 4645 1487 4707 tertio

308 4837 347 4900 (1)
362 4837 394 4886 L.
414 4837 518 4888 Linou
528 4839 595 4888 vide
620 4839 662 4889 lte
682 4840 807 4906 pristino
822 4838 912 4890 uteru
932 4839 1012 4889 dere
1030 4837 1145 4902 publica
1161 4837 1379 4888 Atheniensium
1394 4835 1491 4897 forma

261 4917 436 4968 restituenda
449 4920 719 4969 commentationem
730 4933 817 4983 supra
833 4919 981 4969 laudatam
994 4917 1077 4982 (Pars
1090 4919 1177 4983 prior.
1192 4916 1395 4981 Lipsiae,anno
1408 4914 1489 4975 1883).
