3720 5912
378 605 415 664 52
651 621 720 675 Quo
743 621 898 662 rnuronn
922 620 1078 662 eruamus
1100 621 1150 660 sn·
1174 615 1330 662 sommus

377 791 452 871 Quo
479 792 515 851 fit
542 799 579 851 ut
604 790 749 870 scriptor
777 787 917 850 Lesbios
942 787 985 849 ab
1009 789 1269 850 Atheniensibus
1297 786 1476 848 descivisse
1506 793 1604 864 atque

376 916 479 976 fuisse
512 915 673 975 coercitos
708 913 921 994 cognoverit;
952 912 987 974 id
1013 923 1063 974 est
1091 912 1286 995 opusculum
1310 921 1386 994 post
1410 931 1532 972 annum
1557 910 1601 970 ol.

375 1043 447 1111 88³
469 1068 506 1094 -.-
528 1042 585 1120 427
608 1049 659 1100 est
679 1039 882 1100 inchoatum.

435 1165 533 1226 Adde
562 1165 662 1245 quod,
693 1165 721 1224 si
754 1163 998 1246 paragraphum
1032 1163 1067 1224 13
1099 1164 1236 1225 secundi
1270 1163 1388 1244 capitis
1408 1161 1599 1245 perlegeris

376 1310 569 1372 persuasum
589 1288 730 1350 habebis
752 1289 948 1370 scriptorem
974 1289 1093 1348 hocin
1116 1289 1189 1350 loco
1216 1287 1334 1368 Pylum
1354 1287 1396 1348 ab
1419 1286 1600 1348 Athenien-

376 1413 468 1475 sibus
484 1423 676 1496 occupatam
691 1413 789 1473 tacite
817 1413 1130 1474 commemoravisse
1148 1435 1154 1472 :
1180 1411 1248 1472 Ἔτι
1269 1416 1298 1473 δὲ
1318 1419 1384 1496 πρὸς
1401 1418 1508 1480 τούτοις
1526 1415 1601 1494 παρὰ

375 1549 465 1600 πᾶσαν
489 1540 603 1620 ἤπειρον
619 1541 693 1598 ἐστιν
717 1538 735 1616 ί,
753 1535 826 1614 οἰκτὴ
842 1537 1031 1619 προέχουσαῆ
1046 1547 1129 1615 νῆσος
1144 1539 1316 1620 προκειμένη
1334 1537 1352 1616 ἢ
1375 1541 1540 1617 στενόπορον
1561 1556 1598 1595 τι·

376 1665 447 1724 ὥστε
461 1663 565 1734 ’ἔξεστιν
581 1666 698 1722 ἐνταῦθα
712 1667 862 1746 ἐφορμοῦσι
877 1671 935 1730 τοῖς
951 1671 1001 1738 τῆς
1023 1663 1163 1739 θαλάττης
1181 1665 1295 1746 ἄρχουσι
1312 1661 1454 1722 lubichen
1469 1662 1532 1728 τοὺς
1547 1661 1601 1737 τὴν

375 1791 489 1872 ἤπειρον
526 1795 679 1855 οἰκοῦντας.
718 1789 829 1868 Quare
856 1787 1030 1871 probabile
1064 1798 1114 1850 est
1151 1789 1348 1870 opusculum
1375 1797 1452 1870 post
1479 1807 1602 1850 annum

375 1923 420 1983 ol.
432 1923 482 1992 88,
499 1923 571 1998 4.-
587 1922 645 1998 425
661 1941 734 2002 esse
748 1924 918 2004 seriptum.
953 1985 956 1991 ,

435 2047 585 2126 Quocum
601 2046 675 2106 loco
697 2047 726 2106 si
746 2047 929 2107 contuleris
945 2067 1029 2128 quae
1054 2048 1196 2128 scriptor
1212 2047 1247 2106 in
1266 2047 1383 2126 capitis
1401 2045 1433 2106 ll
1448 2065 1603 2126 paragra·

376 2172 435 2252 phi
450 2171 467 2230 5
486 2171 741 2252 exprompserit‚
757 2172 965 2232 existimabis
984 2191 1059 2232 eum
1074 2172 1280 2252 ignoravisse
1300 2171 1474 2232 Brasidam
1489 2169 1602 2250 Mega·

374 2295 532 2364 rensium‚
569 2295 850 2374 Heracleensium,
876 2295 1121 2366 Thessalorum,
1145 2295 1485 2376 Macedoniorumque
1515 2295 1600 2355 fines

373 2420 555 2491 invasisse,
582 2429 680 2501 atque
702 2420 851 2482 colonias
876 2420 917 2482 ab
946 2420 1208 2482 Atheniensibus
1237 2421 1274 2480 in
1302 2420 1459 2482 Thracico
1490 2421 1599 2480 littore

374 2545 570 2606 constitutas
585 2547 843 2628 oppugnavisse.
862 2545 970 2624 Quem
986 2546 1095 2607 locum
1108 2545 1295 2606 exscribere
1308 2553 1456 2626 oportet:
1475 2546 1599 2606 Ἔπειτα

374 2671 403 2728 δὲ
426 2679 483 2738 τοῖς
513 2676 563 2750 ριἐν
590 2673 661 2730 κατὰ
686 2672 824 2732 θάλατταν
844 2673 975 2754 ἄρχουσιν
993 2673 1051 2731 οἷόν
1072 2673 1101 2730 τ’
1122 2669 1294 2732 ἀποπλεῦσαι
1315 2669 1369 2730 ἀπὸ
1389 2680 1440 2747 τῆς
1464 2672 1598 2754 σφετέρας

372 2795 463 2854 αὐτῶν
487 2801 587 2855 ὀπόσον
612 2799 758 2876 βούλονται
772 2796 932 2873 (correxit
946 2795 1108 2866 Cobetus;
1126 2817 1205 2859 mss.
1230 2818 1236 2855 :
1255 2797 1363 2877 βούλει)
1376 2798 1474 2866 πλοῦν,
1491 2802 1549 2862 τοῖς
1566 2797 1597 2854 δὲ

287 2915 290 2922 Α
371 2924 442 2980 κατὰ
457 2930 511 3000 γῆν
527 2921 579 3003 οὐχ
595 2921 697 2980 οἷόντε
717 2919 771 2981 οἰπο
786 2931 837 2998 τῆς
854 2924 987 3006 σφετέρας
1003 2922 1094 2981 αὐτῶν
1108 2919 1240 2982 ἀπελθεῖν
1260 2923 1374 2980 πολλῶν
1390 2925 1503 3003 ἡμερῶν
1519 2923 1594 2980 ὁδόν·

371 3047 496 3128 βραδεῖαί
515 3069 547 3104 τε
566 3049 616 3128 γὰρ
638 3052 663 3106 αἱ
679 3057 787 3129 πορεῖαι
811 3054 856 3106 καὶ
879 3056 955 3108 σῖτον
976 3048 1028 3130 οὐχ
1045 3047 1102 3107 οἷόν
1122 3072 1153 3106 τε
1174 3049 1251 3128 ἔχειν
1270 3047 1377 3106 πολλοῦ
1399 3049 1498 3128 χρόνου
1522 3050 1597 3129 πεζῇ

370 3175 456 3233 ἰόντα.
472 3177 526 3230 Καὶ
545 3176 593 3229 τὸν
614 3177 664 3251 μὲν
683 3175 756 3255 πεζῇ
772 3176 848 3232 ἰόντα
863 3175 905 3232 δεῖ
921 3175 964 3232 διὰ
982 3175 1071 3257 φιλίας
1087 3174 1155 3232 ἰέναι
1180 3173 1198 3250 ἢ
1217 3180 1294 3232 νικᾶν
1309 3176 1480 3252 μαχόμενον·
1495 3177 1543 3230 τὸν
1565 3174 1596 3230 δὲ

369 3295 503 3363 πλέοντα,
516 3293 548 3353 οὗ
559 3299 610 3374 μὲν
622 3293 654 3354 tv
667 3293 686 3379 ᾖ
703 3300 837 3377 κρείττων
852 3296 957 3366 έξεστιν
971 3293 1120 3378 ἀποβῆναι,
1136 3295 1167 3356 οὗ
1181 3296 1209 3355 δ’
1221 3295 1253 3355 ἂν
1266 3295 1360 3372 ἥττων
1372 3293 1391 3378 ᾖ
1402 3297 1597 3376 παραπλεῦσαι

368 3417 531 3496 (correxit
545 3417 706 3490 Cobetus;
730 3440 811 3481 mSS.
829 3441 836 3480 ε
852 3425 957 3498 ταύτης
969 3430 1021 3497 τῆς
1040 3430 1092 3502 γῆς
1115 3419 1187 3480 ἀλλὰ
1199 3421 1416 3501 παραπλεῦσαι),
1433 3417 1483 3486 ἕως
1504 3419 1535 3478 ἂν
1550 3423 1597 3478 ἐπὶ

369 3545 460 3626 φιλίαν
479 3549 575 3626 χώραν
591 3541 725 3627 ἀφίκηται
745 3545 763 3622 ἢ
781 3547 824 3605 ἐπὶ
837 3545 939 3622 ἥττους
954 3545 1049 3605 αὐτοῦ.
1068 3544 1178 3624 Quam
1192 3544 1235 3605 ob
1250 3564 1320 3604 rem
1334 3563 1451 3604 verum
1464 3552 1598 3624 tempus

368 3667 554 3739 definietur,
584 3669 613 3728 si
640 3668 836 3749 opusculum
861 3670 1041 3752 incipiente
1066 3689 1154 3731 anno
1175 3669 1218 3730 ol.
1246 3668 1296 3748 89,
1329 3688 1342 3728 1
1370 3695 1409 3723 =
1435 3669 1495 3746 494
1522 3689 1597 3730 esse

368 3795 589 3875 compositum
613 3794 804 3857 contendes.

427 3916 561 3979 Nullam
575 3919 666 3979 enim
682 3919 846 3980 rationem
861 3921 1109 3992 sententiarum,
1122 3940 1204 4001 quas
1219 3920 1361 4000 scriptor
1373 3919 1413 3980 de
1423 3919 1598 3980 comoedia

368 4043 585 4124 exprompsit,
613 4043 737 4105 hahere
758 4054 890 4126 oportet
910 4046 1041 4126 (capitis
1066 4045 1202 4106 secundi
1226 4065 1358 4126 paragr.
1385 4045 1446 4124 18).
1477 4043 1597 4106 Cleoni

368 4188 447 4228 sane
466 4168 708 4250 Aristophanes
736 4170 918 4250 permultas
939 4171 1168 4250 maximasque
1195 4169 1411 4230 contumelias
1435 4170 1597 4250 imposuit

367 4292 540 4372 ipsamque
560 4293 692 4374 plebem
716 4295 812 4367 lusit;
842 4295 900 4355 sed
918 4295 982 4356 hoc
1004 4294 1182 4356 admonere
1206 4295 1309 4356 velim
1332 4294 1514 4377 permultos
1538 4296 1596 4355 vel

333 4501 336 4506 Ι
366 4415 516 4497 plebejae
541 4417 737 4500 disciplinae
762 4418 910 4479 fautores
932 4417 1049 4498 Cleopi
1073 4418 1246 4488 invidisse,
1270 4427 1307 4479 ut
1332 4419 1390 4500 qui
1411 4418 1595 4480 dictaturae

366 4541 402 4601 in
424 4541 647 4623 suspicionem
675 4541 855 4614 incidisset,
883 4562 990 4624 neque
1015 4551 1158 4624 poetam,
1181 4543 1258 4603 licet
1281 4550 1379 4624 Δῆμον
1404 4543 1440 4602 in
1459 4561 1596 4604 scenam

365 4665 572 4747 produxerit,
595 4666 700 4728 ullum
732 4669 855 4729 veteris
884 4667 1083 4750 disciplinae
1111 4667 1274 4729 fautorem
1299 4667 1458 4749 privatim
1483 4651 1594 4728 insec-

366 4797 470 4850 tatum
500 4810 582 4850 esse.
616 4791 747 4870 Quibus
780 4791 821 4850 de
858 4793 964 4852 causis
993 4792 1076 4852 nihil
1103 4793 1251 4862 interest,
1286 4791 1481 4872 opusculum
1517 4811 1593 4853 esse
