3720 5912
580 675 650 730 Quo
672 675 828 718 TEMPORE
850 675 1007 718 LIBELLUS
1030 676 1079 717 SIT
1102 675 1256 718 SCRIPTUS
1490 659 1526 718 51

304 853 380 928 ἀρῶν
401 847 591 927 ἐμπρήσουσιν
611 845 674 904 οὐδὲ
688 853 831 926 τεμοῦσιν,
846 842 934 912 ἀδεῶς
950 849 985 928 ζῇ
1002 845 1110 904 καὶούκ
1127 850 1314 928 ὑπερχόμενος
1330 845 1465 912 αὐτοὺς...
1483 852 1529 904 νῦν

303 969 370 1028 τάδε
398 977 517 1030 ποιοῦσι·
548 971 601 1048 τὴν
632 975 683 1050 μὲν
711 970 804 1030 οὐσίαν
832 979 892 1037 ταῖς
919 973 1013 1047 νήσοις
1043 975 1254 1052 παρατίθενται,
1284 975 1461 1037 πιστεύοντες
1492 981 1529 1053 τῇ

304 1090 378 1177 ἀρχῇ
407 1105 444 1178 τῇ
475 1098 546 1154 κατὰ
575 1096 725 1167 θάλατταν,
755 1095 809 1173 τὴν
839 1098 868 1154 δὲ
902 1094 1038 1171 Ἀττικὴν
1072 1105 1126 1175 γῆν
1159 1104 1305 1178 περιορῶσι
1340 1096 1527 1175 τεμνομένην,

304 1223 507 1298 γιγνώσκοντες
529 1219 569 1279 ὅτι
592 1245 604 1279 ε
655 1199 660 1211 ί
1007 1244 1045 1277 ων
1067 1216 1179 1299 ἀγαθῶν
1195 1223 1328 1300 μειζόνων
1347 1222 1529 1298 στερήσονται

304 1343 415 1423 (cepit.
452 1342 483 1402 II
515 1363 646 1426 paragr.
679 1345 792 1424 14-16).
830 1343 946 1403 Nonne
979 1343 1083 1422 liquet
1115 1343 1320 1424 scriptorem,
1356 1363 1429 1404 oum
1461 1342 1530 1402 illis

305 1466 415 1528 verbis
431 1469 629 1528 sententiam
651 1469 692 1528 de
714 1468 861 1529 exercitu
882 1467 1137 1528 Atheniensium
1156 1468 1316 1548 urbisque
1335 1471 1400 1528 situ
1415 1487 1531 1548 expro-

306 1601 383 1662 mat,
418 1593 453 1654 in
486 1593 598 1652 auimo
634 1592 778 1673 cogitare
813 1591 1092 1652 Lacedaemonios
1126 1591 1289 1672 permulta
1323 1599 1356 1652 et
1387 1591 1531 1650 maxima

306 1717 567 1780 Atheniensibus
602 1717 724 1778 damna
753 1717 915 1789 attulisse,
949 1737 1034 1788 oum,
1065 1726 1141 1798 post
1172 1717 1364 1777 inchoatum
1393 1716 1529 1787 bellum,

305 1861 392 1902 anno
417 1842 461 1902 ol.
483 1841 552 1922 87,1
575 1868 614 1896 =
635 1841 704 1918 431,
730 1841 935 1902 Archidamo
956 1841 1048 1912 duce,
1073 1861 1188 1901 eorum
1212 1841 1296 1902 fines
1317 1841 1529 1902 invasissent.

306 1965 408 2026 Paulo
440 1976 518 2049 post
554 1970 655 2046 (anno
684 1966 727 2027 ol.
758 1967 827 2046 87‚1
858 1991 897 2020 =
929 1964 1013 2044 431),
1052 1965 1276 2026 Athenienses
1313 1965 1453 2026 classem
1490 1963 1533 2024 ad

305 2069 623 2174 Peloponnesiacum
648 2093 740 2152 littus
766 2091 977 2172 appulerunt,
1001 2089 1183 2171 Aeginetae
1210 2087 1411 2170 fugaverunt
1435 2098 1533 2170 atque

289 2193 486 2280 'Locrorum
508 2217 820 2298 Megarensiumquo
842 2216 925 2276 fines
947 2215 1097 2296 populati
1119 2224 1205 2276 sunt.
1223 2213 1354 2294 Quibus
1368 2214 1409 2274 de
1424 2213 1533 2274 causis

305 2351 355 2402 est
377 2343 451 2403 veri
475 2343 683 2403 simillimum
705 2341 901 2424 opusculum
920 2349 1070 2401 nostrum
1089 2349 1163 2421 post
1184 2360 1308 2401 annum
1330 2339 1373 2400 ol.
1398 2339 1468 2418 87‚1
1493 2363 1532 2392 =

305 2466 360 2544 431
387 2487 459 2528 esse
485 2468 656 2549 scriptum.

365 2591 551 2664 Praeterea,
578 2613 663 2674 quae
695 2593 838 2674 scriptor
870 2592 911 2654 de
941 2593 1107 2653 sociorum
1137 2591 1331 2651 condicione
1362 2589 1447 2650 dixit
1472 2589 1533 2650 vel

305 2718 443 2778 maximi
465 2728 544 2780 sunt
569 2719 742 2780 momenti.
769 2718 955 2778 Sententias
978 2717 1067 2778 enim
1090 2737 1109 2776 a
1134 2717 1293 2797 scriptore
1316 2716 1376 2776 illo
1399 2717 1435 2776 in
1458 2716 1532 2776 loeo

307 2854 521 2925 expromptas
535 2845 738 2926 perpendere
759 2853 890 2926 oportet
906 2865 913 2903 ε
931 2849 1000 2926 Περὶ
1017 2846 1046 2902 δὲ
1060 2852 1117 2901 τῶν
1135 2843 1303 2924 συμμάχων,
1322 2848 1346 2902 οἱ
1367 2843 1533 2908 ἐκπλέοντες

308 2977 520 3052 συκοφαντοῦσι,
551 2975 587 3037 ὡς
617 2973 740 3042 δοκοῦσι,
770 2976 815 3030 καί
844 2977 952 3048 μισοῦσι
980 2970 1043 3036 τοὺς
1072 2968 1222 3050 χρηστοὺς,
1254 2971 1458 3048 γιγνώσκοντες
1491 2965 1532 3025 ὃτι

306 3101 443 3172 μισεῖσθαι
469 3101 520 3175 μὲν
549 3093 659 3176 ἀνάγκη
688 3102 736 3155 τὸν
765 3097 888 3178 ἄρχοντα
913 3100 965 3153 ὑπὸ
995 3100 1044 3152 τοῦ
1071 3089 1239 3174 ἀρχομένου·
1267 3097 1290 3150 εί
1315 3094 1344 3150 δὲ
1374 3095 1532 3172 ἰσχύσουσιν

306 3225 330 3280 οί
353 3223 478 3280 πλόυσιοι
502 3228 547 3280 καὶ
574 3226 597 3280 οἱ
622 3228 741 3303 χρηστοὶ
771 3219 930 3299 (correxit
954 3213 1114 3289 Cobeius3
1138 3236 1218 3278 mSS.
1243 3239 1250 3276 :
1275 3215 1393 3299 ἰσχυροί)
1423 3219 1451 3274 ἐν
1472 3223 1533 3283 ταῖς

304 3347 428 3418 πόλεσιν,
451 3348 619 3426 ὀλιγίστικον
634 3350 733 3428 χρόνον
749 3349 766 3423 ἡ
783 3343 857 3426 ἀρχὴ
873 3346 950 3404 ’ἐσται
966 3350 1015 3402 τοῦ
1032 3345 1123 3420 δήμου
1136 3349 1186 3401 τοῦ
1202 3339 1361 3418 Ἀθηναίων
1375 3341 1534 3420 (correxit

306 3468 465 3542 Cobetus3
492 3491 572 3534 mss.
597 3493 604 3530 2
633 3471 794 3551 Ἀθήνησι).
822 3473 873 3530 Διὰ
896 3477 984 3529 ταῦτα
1007 3465 1053 3528 οὖν
1077 3468 1141 3534 τοὺς
1165 3473 1216 3548 μἐν
1240 3467 1379 3550 χρηστοὺς
1405 3464 1533 3547 ἀτιμοῦσι

307 3602 352 3655 καὶ
387 3599 522 3679 χρήματα
562 3594 739 3681 ἀφαιροῦνται
783 3603 828 3656 καὶ
868 3595 1043 3664 ἐξελαύνουσι
1082 3601 1127 3652 καὶ
1164 3590 1368 3665 ἀποκτείνουσι,
1403 3593 1468 3659 τοὺς
1503 3594 1532 3651 δὲ

306 3721 443 3803 πονηροὺς
474 3721 611 3791 αθξουσιν.
646 3727 681 3784 Οἱ
718 3725 747 3781 δὲ
786 3727 905 3804 χρηστοὶ
945 3718 1104 3795 Ἀθηναίων
1142 3718 1205 3785 τοὺς
1236 3717 1375 3800 χρηστοὺς
1411 3719 1439 3776 ἐν
1473 3725 1533 3784 ταῖς

307 3849 461 3928 συμμαχίσι
494 3849 591 3906 πόλεσι
631 3850 760 3928 σῴζουσι,
796 3850 999 3926 γιγνώσκοντες
1028 3843 1068 3903 ὅτι
1106 3846 1195 3926 σρίσιν
1233 3839 1335 3922 ἀγαθόν
1373 3842 1431 3899 ἐστι
1470 3839 1534 3906 τοὺς

308 3973 467 4050 βελτίστους
491 3975 590 4052 σῴζειν
619 3968 661 4031 ἀεὶ
692 3973 720 4030 ἐν
743 3977 803 4036 ταῖς
832 3971 954 4028 πόλεσιν.
991 3973 1072 4026 Εἴποι
1103 3968 1132 4025 δέ
1162 3991 1202 4033 τις
1231 3965 1263 4025 ἂν
1292 3965 1332 4024 ὅτι
1357 3968 1434 4046 ἰσχύς
1459 3966 1533 4023 ἐστιν

307 4096 379 4172 αῦτη
414 4095 585 4172 Ἀθηναίων,
615 4098 662 4154 ἐὰν
687 4101 710 4154 οἱ
742 4097 886 4175 σύμμαχοι
915 4095 1025 4151 δυνατοὶ
1052 4083 1101 4150 ὦσι
1129 4093 1264 4173 χρήματα
1293 4090 1437 4172 εἰσρέρειν.
1468 4093 1533 4154 Τοῖς

307 4221 336 4278 δὲ
366 4223 529 4301 δημοτικοῖς
558 4223 636 4280 δοκεῖ
661 4224 756 4300 μεῖζον
783 4217 886 4296 ἀχαθὸν
909 4217 977 4276 εἷναι
1001 4219 1036 4276 τὰ
1060 4226 1116 4275 τῶν
1144 4215 1301 4296 συμμάχων
1326 4215 1460 4295 χρήματα
1486 4210 1533 4270 ἕνα

307 4345 424 4406 ἕκαστον
451 4347 526 4427 ’ἐχειν
563 4345 734 4423 Ἀθηναίων,
765 4347 887 4411 ἐκείνους
913 4346 942 4402 δὲ
967 4343 1030 4402 ὅσον
1057 4339 1164 4417 ἀποζῆν
1188 4339 1346 4420 (correxit
1369 4335 1530 4407 Cobetus;

306 4491 386 4531 mSS.
422 4498 428 4532 ι
461 4475 523 4548 ζῆν.
557 4471 603 4534 Cf.
636 4468 846 4550 Thucydides
871 4467 897 4539 I,
922 4471 955 4546 2)
983 4473 1028 4526 καὶ
1061 4467 1235 4549 ἐργάζεσθαι,
1271 4463 1420 4531 ἀδυνάτους
1454 4466 1533 4530 ὄντας

308 4595 497 4656 ἐπιθουλεύειν
530 4597 641 4678 (capit.
678 4595 694 4654 Ι
729 4615 860 4676 paragr.
899 4595 937 4670 14
971 4601 1003 4652 et
1039 4593 1099 4672 15).
1140 4591 1290 4672 Apparet
1315 4587 1458 4671 ¹plebem
1492 4587 1534 4648 de

307 4719 472 4782 industria
496 4721 663 4781 sociorum
691 4719 854 4800 optimum
883 4737 1045 4799 quemque
1071 4716 1270 4797 opprimere,
1305 4715 1426 4796 quippe
1451 4731 1536 4794 quae

310 4843 410 4904 sociis
434 4844 562 4906 diffidat
588 4845 771 4925 efficiatque
793 4853 830 4904 ut
853 4843 1007 4904 seditioni
1042 4849 1139 4922 atque
1168 4839 1346 4901 defectioni
1372 4845 1533 4898 occurrat.
