3720 5912
381 591 421 650 26
722 611 765 654 os
787 612 913 654 uternis
936 612 1052 654 sonus
1073 611 1272 654 nrsrtusrro

378 785 499 850 essent,
514 777 736 842 Athenienses
758 781 969 861 optimatium
992 790 1105 862 partes
1127 787 1287 862 augerent
1308 778 1606 862 formidandosque

378 901 444 966 sibi
457 901 574 966 hostes
588 911 754 985 pararent.

436 1025 638 1109 Ceteroquin
654 1029 806 1112 scriptor,
822 1031 858 1092 in
870 1031 1081 1113 paragrapho
1094 1031 1124 1100 5,
1141 1029 1358 1112 reprehendit
1368 1029 1604 1096 Athenienses.

377 1151 468 1232 quod
488 1151 651 1234 improbis
663 1153 696 1214 in
718 1155 864 1215 externis
883 1155 1075 1216 civitatibus
1089 1155 1230 1218 faveant
1249 1153 1380 1236 Ubique
1401 1155 1489 1214 enim
1504 1162 1606 1213 terra-
1627 1151 1632 1158 '

376 1295 451 1338 rum
475 1277 527 1354 (ut
553 1287 709 1362 πανταχοῦ,
735 1279 769 1340 in
795 1280 1005 1362 paragrapho
1031 1283 1061 1358 4,
1084 1282 1131 1341 ita
1158 1279 1260 1346 verbo
1283 1283 1313 1340 ἐν
1337 1281 1415 1362 πάσῃ
1438 1289 1478 1362 γῇ,
1501 1277 1606 1338 verbo

378 1401 471 1462 aaut
487 1403 703 1484 respondent)
712 1403 820 1486 plebs,
832 1405 1048 1487 optimatibus
1061 1405 1193 1476 infesta,
1210 1406 1336 1487 primas
1349 1405 1461 1466 habet.
1474 1403 1606 1484 Optimi

378 1533 489 1589 autem
512 1527 579 1590 viri
606 1530 736 1592 minore
758 1530 891 1592 lieentia
914 1540 1064 1602 utuntur,
1092 1532 1319 1612 majoremque
1347 1549 1459 1590 rerum
1486 1528 1606 1589 hones·

380 1661 488 1714 tarum
511 1653 719 1736 diligendam
743 1655 914 1718 adhibent.
941 1655 1014 1718 Imo
1029 1665 1145 1717 eontra
1158 1655 1247 1738 apud
1269 1654 1403 1737 plebem
1423 1653 1605 1735 plurimum

379 1777 541 1850 inscitiae,
573 1779 847 1862 intemperantiae
876 1781 1170 1863 improbitatisque
1204 1781 1368 1844 invenias.
1407 1778 1462 1840 Ad
1497 1779 1605 1860 turpia

379 1903 469 1964 enim
483 1904 604 1986 vulgus
618 1903 708 1965 ducit
721 1914 910 1987 paupertas.
931 1905 1031 1968 Adde
1044 1925 1130 1988 quae
1144 1913 1372 1987 paupertatem
1394 1913 1580 1987 sequuntur
1595 1925 1603 1962 :

378 2047 542 2110 pauperes
565 2047 626 2090 nec
639 2038 728 2091 reete
742 2049 803 2092 nec
818 2029 1003 2094 liberaliter
1017 2039 1095 2092 sunt
1108 2011 1263 2092 instituti.

438 2152 478 2215 ln
504 2155 725 2238 paragraphis
745 2156 766 2218 6
792 2164 826 2216 et
849 2175 877 2237 ς,
904 2156 945 2217 de
972 2155 1128 2218 facultate
1148 2156 1307 2216 orationis
1330 2155 1419 2237 apud
1442 2155 1606 2237 populum

379 2277 552 2340 habendae
566 2279 723 2342 omnihus
738 2281 869 2342 civibus
884 2281 961 2342 data
977 2281 1033 2362 agi
1051 2289 1203 2362 coeptum
1220 2289 1281 2342 est.
1299 2280 1524 2340 Athenienses
1537 2298 1606 2338 non

379 2403 487 2464 solum
499 2403 664 2466 ditissimo
679 2407 872 2488 optimoque
886 2407 1004 2488 cuique
1020 2407 1146 2466 civium
1161 2405 1334 2466 sedetiam
1349 2405 1456 2464 cuivis
1470 2401 1604 2464 dicendi

378 2527 638 2610 consulendique
649 2538 843 2612 potestatem
853 2531 896 2593 de
909 2530 1074 2592 industria
1087 2531 1248 2592 iecerunt.
1261 2529 1392 2591 Etenim
1405 2530 1434 2589 si
1443 2528 1608 2589 duntam

379 2651 513 2733 optimis
528 2650 611 2714 viris
625 2652 809 2714 orationem
820 2653 944 2713 hahere
956 2652 1219 2731 sententiamque
1235 2669 1430 2732 expromere
1444 2652 1605 2720 licuisset.

379 2775 481 2838 nullis
503 2777 568 2838 nisi
590 2779 642 2838 sui
668 2777 835 2839 similibus
858 2777 1066 2859 prodessent.
1094 2776 1170 2846 Sed,
1196 2777 1224 2836 si
1252 2777 1328 2856 quis
1353 2777 1406 2837 vel
1430 2776 1605 2858 improbus

379 2901 421 2964 de
442 2901 525 2964 sella
539 2903 655 2984 surgit,
672 2912 709 2963 ut
722 2901 825 2964 verba
845 2901 954 2972 iaciat,
972 2901 1053 2982 qnid
1068 2901 1226 2984 expediat
1239 2922 1307 2962 uon
1327 2902 1437 2962 solum
1459 2902 1524 2962 sibi
1546 2900 1607 2962 sed

379 3028 480 3089 etiam
507 3027 559 3088 sui
583 3027 747 3090 similibus
772 3027 867 3090 facile
894 3027 1032 3088 invenit.
1059 3027 1106 3088 At
1129 3027 1217 3088 dicet
1244 3027 1364 3107 aliquis
1390 3049 1397 3086 :
1424 3025 1607 3107 quidboni

380 3153 434 3214 vel
457 3152 523 3214 sibi
548 3152 603 3216 vel
629 3154 681 3216 sui
708 3153 874 3215 similibus
902 3155 956 3213 vir
984 3153 1120 3232 hujusce
1145 3151 1236 3212 modi
1261 3152 1450 3232 excogitare
1473 3150 1607 3232 possit?

380 3277 547 3340 Nimirum
570 3277 734 3358 intellegit
755 3279 875 3360 vulgus
896 3278 1088 3360 pravissimi
1112 3278 1271 3359 cujusque
1291 3275 1493 3357 imperitiam
1508 3275 1607 3336 insei-

380 3403 526 3486 tiamque
547 3425 622 3466 cum
651 3403 884 3466 benevolentia
911 3404 1006 3487 plura
1031 3403 1098 3464 sibi
1126 3401 1302 3462 commoda
1329 3419 1403 3462 esse
1431 3400 1607 3462 allaturam

379 3547 479 3610 quam
493 3528 688 3610 probissimi
709 3531 867 3612 quusque
885 3529 1042 3589 virtutem
1065 3525 1344 3609 prudentiamque
1364 3545 1438 3585 eum
1461 3524 1607 3586 malevo-

379 3653 490 3715 lentio.

439 3777 693 3861 Insequentibus
717 3781 753 3840 in
771 3777 990 3861 paragraphis
1010 3777 1045 3855 (8
1065 3786 1099 3838 et
1117 3780 1151 3855 9)
1171 3777 1315 3856 scriptor
1336 3794 1422 3855 quae
1437 3773 1607 3855 prioribus

379 3904 416 3964 iu
447 3903 617 3985 particulis
645 3904 851 3986 exprompsit
883 3901 1009 3984 colligit
1035 3900 1275 3980 concluditque.
1309 3897 1398 3958 Fieri
1425 3905 1533 3980 potest
1558 3906 1605 3970 ut,

379 4026 471 4088 illam
486 4027 721 4110 gubernandae
734 4028 782 4088 rei
796 4026 948 4110 publicae
962 4027 1053 4087 viam
1065 4026 1228 4105 ingressa,
1245 4022 1339 4104 plebs
1353 4023 1523 4082 civitatem
1537 4039 1608 4081 non

379 4153 540 4234 optimam
552 4153 682 4224 efficiat,
694 4153 752 4214 illa
766 4161 876 4214 tamen
887 4153 1014 4213 ratione
1024 4150 1225 4212 incolumem
1239 4147 1331 4228 vulgi
1342 4146 1607 4207 dominationem

380 4285 501 4348 servat,
518 4287 554 4339 ut
568 4297 652 4359 quae
674 4278 836 4359 optimam
850 4276 1061 4358 disciplinam
1073 4273 1220 4335 libertati
1235 4271 1443 4353 imperioque
1464 4290 1524 4331 suo
1539 4289 1607 4332 non

378 4409 568 4486 anteponat.
595 4401 679 4463 Num
705 4402 742 4462 in
765 4402 899 4463 civitate
922 4401 1006 4461 beno
1031 4407 1171 4469 morata,
1195 4417 1261 4458 non
1291 4395 1399 4456 solum
1419 4393 1607 4476 prudentis-

379 4528 484 4589 simus
507 4528 647 4610 quisque
665 4527 755 4610 leges
774 4527 849 4598 fert,
865 4526 925 4587 sed
942 4526 1043 4586 etiam
1060 4524 1206 4605 optimus
1225 4521 1366 4602 quisque
1387 4519 1491 4579 malos
1509 4521 1606 4579 casti·

379 4661 435 4734 got
453 4660 486 4714 et
499 4653 541 4714 de
564 4653 612 4713 rei
625 4652 776 4734 publicae
795 4651 901 4712 salute
922 4649 1067 4710 consulit
1088 4667 1195 4729 neque
1209 4646 1316 4707 ullum
1335 4645 1402 4705 nisi
1417 4663 1535 4705 sanum
1550 4645 1607 4706 vel

378 4777 530 4841 consiliis
549 4779 665 4840 adesse
682 4778 735 4839 vel
760 4776 862 4838 verba
883 4775 990 4837 lacere
1015 4775 1106 4838 sinit.
1127 4771 1258 4851 Quibus
1272 4791 1314 4832 ex
1334 4767 1520 4832 commodis
1534 4787 1605 4830 non
