3720 5912
378 685 418 747 30
554 711 558 720 ·
719 702 761 743 on
782 701 910 744 11111111
932 701 1047 744 ronna
1070 700 1269 744 orsrurano

380 871 466 930 καλὸν
489 869 568 942 altat,
591 871 671 948 γνοὺς
694 869 735 928 ὅτι
761 868 843 938 αὐτὸς
865 871 979 937 δυνατὸς
1002 869 1096 948 (mss
1119 890 1125 928 :
1154 870 1195 930 ὅτι
1219 867 1251 928 οὐ
1276 869 1392 948 δυνατὰ)
1414 869 1503 928 ταῦτά
1528 868 1604 926 ἐστιν

380 995 565 1072 ἐπιτηδεύειν.

439 1118 479 1181 ln
511 1119 640 1202 reliqua
673 1121 882 1202 paragrapho
920 1121 1012 1182 nulla
1046 1121 1134 1182 inest
1166 1119 1353 1182 dillicultas.
1388 1117 1510 1180 Verbis
1538 1118 1604 1185 τοὺς

379 1246 603 1325 γυμναζομένους
633 1252 665 1304 et
691 1246 743 1323 τὴν
773 1246 911 1324 μουσικὴν
945 1248 1161 1323 latratuum
1189 1245 1334 1326 scriptor
1358 1242 1533 1304 adducitur
1561 1241 1604 1302 ad

377 1369 567 1432 tractandas
601 1337 785 1450 choregias‚
817 1369 1100 1451 gymnasiarchias
1132 1378 1165 1430 ct
1200 1369 1421 1439 hierarchias,
1450 1376 1488 1428 ut
1519 1386 1604 1449 quae

378 1514 447 1556 non
468 1497 611 1576 ἐγκύκλιοι
629 1495 708 1566 sint,
723 1493 784 1556 sed
801 1503 984 1557 ceterarum
1005 1494 1214 1576 liturgiarum
1234 1494 1412 1556 assimiles.
1427 1492 1501 1556 Jam
1522 1511 1604 1553 vero

377 1621 412 1680 in
440 1619 628 1701 choragiis,
643 1620 933 1702 gymnasiarchiis,
963 1619 1249 1701 trierarchiisque,
1280 1618 1400 1680 divites
1425 1617 1601 1699 imperant,

377 1743 521 1806 humiles
542 1752 651 1806 autem
670 1753 797 1826 parent.
825 1742 958 1826 Quippe
979 1743 1074 1826 plebs
1096 1744 1161 1805 sibi
1180 1755 1332 1826 oportere
1353 1742 1444 1804 ducit
1459 1740 1604 1822 locuple·

379 1879 447 1931 tum
472 1870 644 1951 pecuniam
665 1871 823 1952 accipere,
847 1878 946 1950 atque
968 1835 1016 1930 ita
1037 1888 1164 1940 canere,
1191 1887 1332 1938 currere,
1357 1866 1488 1938 saltare,
1512 1865 1604 1926 navi-

379 2014 466 2078 gare,
483 2003 519 2055 ut
539 1994 660 2056 divites
685 1993 868 2056 efficiantur
888 2013 1061 2076 pauperes.
1079 1993 1141 2054 lllo
1160 1992 1259 2054 modo
1283 2013 1352 2053 rem
1373 2011 1467 2052 suam
1486 1999 1600 2072 angen

379 2119 582 2203 optimorum
608 2127 725 2180 contra
749 2139 829 2202 opes
850 2119 980 2182 minuit.
1004 2118 1044 2180 In
1069 2118 1279 2202 paragrapho
1299 2117 1329 2188 3,
1346 2117 1490 2198 scriptor
1513 2116 1604 2177 idem

379 2245 421 2306 de
452 2245 703 2326 magistratibus
734 2265 796 2306 nos
832 2244 1060 2306 admonuerat.
1095 2243 1225 2306 Etenim
1261 2242 1357 2326 plebs
1389 2241 1542 2304 omnibus
1569 2242 1606 2302 in

379 2368 479 2430 rebus
506 2367 651 2451 publicis
678 2368 835 2450 gerendis
863 2368 1014 2430 eamdem
1041 2367 1144 2430 habet
1167 2369 1340 2430 rationem.
1371 2367 1520 2450 Scriptor
1543 2366 1609 2428 hoc

379 2493 481 2565 addit,
508 2493 587 2554 licet
616 2493 693 2555 istic
726 2513 794 2554 non
824 2493 867 2554 sit
895 2494 999 2566 locus,
1030 2493 1155 2556 eisdem
1181 2493 1223 2554 'de
1251 2493 1358 2554 causis
1384 2491 1611 2576 plebemuon

379 2618 462 2700 quid
488 2619 531 2679 sit
554 2638 707 2700 aequum,
738 2619 798 2680 sed
827 2618 908 2700 quid
937 2619 1002 2680 sibi
1031 2627 1183 2700 oporteat
1214 2619 1250 2678 in
1273 2616 1410 2699 judiciis
1438 2615 1607 2697 aucupari.

346 2763 348 2769 ·
380 2741 416 2804 Si
440 2743 517 2824 quis
538 2743 679 2805 miretur
706 2744 870 2804 rationem
890 2743 977 2825 juris
1001 2742 1134 2804 dicendi
1159 2743 1200 2804 ab
1234 2740 1495 2806 Atheniensibus
1515 2739 1608 2802 adhi-

380 2867 484 2929 bitam
505 2875 573 2928 tam
589 2866 746 2958 breviter
764 2887 837 2928 esse
859 2875 1162 2939 commemoratam,
1188 2868 1252 2928 hoc
1275 2866 1516 2928 animadvertat
1538 2884 1609 2926 non

381 3011 453 3053 esse
486 3011 545 3052 cur
577 2992 732 3074 scriptor,
766 3010 851 3074 quae
886 2991 927 3052 de
962 2990 1180 3053 concionibus
1210 2991 1349 3062 dixerit,
1384 2990 1420 3051 in
1453 3009 1608 3072 paragra·

374 3115 447 3196 ¹pho
471 3114 508 3176 13
531 3116 577 3176 sit
602 3116 791 3178 iteraturus.

440 3239 479 3302 ln
504 3241 723 3324 paragraphis
753 3243 799 3320 14,
833 3242 879 3313 15,
909 3243 955 3311 16,
989 3261 1023 3322 17
1054 3250 1086 3302 et
1109 3242 1156 3312 18,
1186 3243 1227 3302 de
1255 3242 1354 3303 suciis
1381 3241 1499 3323 agitur.
1528 3238 1609 3302 Sen-

380 3367 503 3428 tentiae
536 3367 576 3428 de
610 3387 649 3428 ea
684 3387 719 3428 re
752 3388 771 3428 a
811 3367 972 3449 scriptore
1005 3375 1220 3450 expromptae
1253 3388 1348 3429 suum
1381 3369 1491 3430 locum
1523 3366 1609 3428 obti-

382 3501 471 3556 nent.
506 3493 655 3554 Primum
681 3494 769 3555 enim
797 3493 855 3575 qui
887 3494 977 3555 cives
1014 3494 1234 3576 principatum
1262 3503 1422 3576 usurpent
1454 3493 1611 3556 definivit

380 3619 524 3699 (paragr.
558 3623 634 3698 apg
671 3616 802 3688 deinde,
833 3617 1016 3701 disputavit
1048 3625 1158 3679 utrum
1192 3617 1250 3678 illa
1284 3617 1391 3699 plebis
1425 3613 1609 3679 dominatio

382 3742 426 3804 sit
460 3742 635 3805 commodo
670 3763 713 3803 an
746 3742 944 3803 detrimento
971 3743 1014 3804 iis
1042 3743 1100 3823 qui
1131 3743 1275 3804 civitatis
1304 3763 1372 3804 non
1406 3753 1483 3804 sunt
1509 3744 1610 3824 parti·

382 3867 481 3949 cipes.
514 3865 564 3928 De
596 3868 702 3928 servis
728 3875 825 3949 atque
852 3867 993 3928 advehis
1020 3866 1056 3927 in
1091 3866 1306 3949 paragraphis
1342 3886 1388 3938 ιο,
1426 3887 1472 3943 11,
1510 3887 1545 3927 12
1576 3876 1610 3928 ct

384 3990 421 4052 13
448 3991 530 4073 egit;
564 3999 679 4074 postea
707 3991 748 4052 de
777 3991 941 4074 gentibus,
977 4011 1017 4052 ex
1043 3990 1165 4073 quibus
1195 3992 1396 4053 maritimum
1427 3992 1608 4053 Athenien-

383 4116 469 4178 sium
496 4116 674 4198 imperium
706 4124 845 4187 constat,
877 4117 948 4198 jam
981 4115 1143 4177 disserere
1171 4116 1328 4178 decrevit.
1358 4117 1405 4177 At
1435 4116 1476 4176 de
1509 4116 1609 4177 sociis

381 4241 417 4301 in
443 4240 661 4322 paragraphis
684 4241 795 4318 4115
818 4248 927 4301 actum
951 4249 1011 4303 est.
1040 4240 1103 4300 lllo
1127 4250 1237 4302 autem
1259 4242 1294 4302 in
1317 4241 1402 4311 loco,
1430 4251 1467 4302 ut
1492 4261 1610 4302 verum

381 4365 511 4446 loquar,
550 4384 618 4425 non
654 4365 694 4424 de
731 4365 830 4425 sociis
868 4364 1082 4434 disseruerat,
1115 4365 1174 4426 sed
1199 4385 1263 4447 qua
1292 4367 1418 4427 ratione
1455 4376 1610 4427 externas

383 4499 495 4574 gentes
510 4490 732 4552 Athenienses
745 4499 937 4561 tractarent,
948 4501 1146 4573 exposuerat
1154 4490 1219 4569 (Cf.
1234 4493 1322 4554 enim
1334 4491 1436 4553 verba
1451 4499 1609 4576 πανταχοῦ,
1689 4559 1693 4566 ,

382 4617 419 4678 in
445 4615 654 4697 paragrapho
680 4616 711 4693 4,
739 4624 771 4676 et
793 4618 822 4676 ἐν
846 4617 923 4699 πάσῃ
948 4626 998 4700 γῇ,
1022 4615 1058 4676 in
1079 4617 1287 4699 paragrapho
1309 4617 1352 4696 5).
1366 4615 1473 4678 tlaud
1494 4615 1609 4698 igitur,

383 4761 467 4822 quae
490 4747 565 4801 ante
594 4739 734 4816 dixerat,
758 4740 923 4821 repetivit,
947 4760 1054 4822 neque
1080 4748 1184 4802 artem
1208 4740 1512 4822 componendarum
1536 4761 1612 4804 sen-

383 4865 560 4927 tentiarum
588 4865 746 4946 neglexit.
