3720 5912
612 678 656 720 ua
677 677 803 721 uranum
826 677 941 720 uonna
965 678 1164 722 ursrurnmo
1458 659 1493 722 31

333 846 427 927 Quae
441 846 483 907 de
504 846 602 907 sociis
617 853 695 908 suut
715 854 910 930 exprompta
930 845 1058 909 duabus
1080 867 1121 908 ex
1139 848 1314 930 particulis
1336 855 1497 910 constant.

275 972 393 1033 Altera
426 971 653 1054 paragraphus
690 971 727 1048 14
762 981 795 1032 et
829 972 882 1044 15;
917 971 1020 1033 altera
1055 974 1282 1055 paragraphus
1317 975 1364 1049 16,
1397 993 1432 1055 17
1466 981 1499 1036 et

276 1096 312 1158 18
344 1097 607 1179 comprehendit.
631 1096 671 1156 ln
694 1097 902 1180 paragrapho
927 1099 974 1174 14,
1001 1098 1145 1180 scriptor
1167 1099 1372 1160 demonstrat
1396 1100 1497 1160 Athe·

272 1221 405 1283 aienses
423 1221 463 1282 de
489 1221 655 1282 industria
676 1221 766 1303 apud
789 1221 897 1283 socios
919 1221 1067 1304 plebeiae
1088 1223 1176 1305 parti
1196 1223 1319 1295 favere,
1345 1224 1435 1306 quud
1456 1224 1498 1284 de

273 1347 378 1429 ipsius
392 1346 652 1408 Atheniensium
673 1346 781 1429 plebis
805 1346 911 1408 salute
926 1356 1053 1429 agatur.
1071 1347 1210 1418 Etenim,
1232 1349 1313 1409 siin
1332 1349 1497 1410 sociorum

274 1471 467 1534 civitatibus
500 1471 623 1532 divites
658 1481 757 1553 atque
789 1470 888 1554 probi
921 1472 1011 1534 cives
1037 1473 1258 1555 principatum
1287 1483 1496 1557 usurparent,

274 1597 530 1658 Atheniensium
563 1601 702 1678 ἡγεμονία
730 1595 905 1671 confestim
936 1597 1114 1659 laberetur.
1144 1598 1276 1678 Quibus
1303 1599 1345 1660 de
1377 1599 1497 1678 causis,

275 1723 437 1804 optimum
458 1742 623 1804 quemque
646 1722 792 1784 civitatis
816 1721 1039 1805 ademptione,
1064 1722 1230 1785 bonorum
1249 1725 1497 1806 prescriptione,

275 1847 408 1925 exsilio,
436 1847 600 1930 supplicio
616 1847 786 1918 mulctant,
802 1847 1033 1930 improborum
1056 1858 1171 1910 contra
1186 1867 1238 1910 res
1259 1859 1389 1930 augent.
1406 1849 1500 1929 Quae
1589 1897 1592 1904 ι

275 1992 345 2036 uun
372 1983 450 2036 sunt
477 1973 640 2034 miranda.
670 1972 802 2034 Etenim
837 1973 1093 2035 Atheniensium
1122 1975 1267 2056 optimus
1293 1975 1433 2057 quisque
1464 1976 1501 2036 in

275 2099 422 2160 externis
451 2098 642 2159 civitatibus
666 2098 828 2179 optimum
855 2117 1019 2179 quemque
1048 2099 1133 2160 tueri
1165 2099 1313 2161 conatur.
1342 2097 1382 2162 In
1407 2120 1501 2185 para-

277 2224 405 2306 grapho
433 2225 479 2295 15,
511 2223 651 2306 scriptor
680 2243 764 2305 quae
792 2233 906 2284 contra
933 2224 1001 2284 dici
1026 2231 1177 2306 possunt,
1204 2223 1339 2284 refellit.
1367 2223 1501 2306 siquis

277 2349 444 2410 existimet
466 2349 722 2410 Atheniensium
739 2350 919 2431 imperium
938 2369 978 2410 eo
998 2347 1152 2409 stabilius
1167 2367 1239 2410 esse
1262 2347 1419 2419 futurum,
1435 2368 1501 2429 quo

279 2475 421 2556 majores
437 2494 517 2556 opes
540 2475 622 2536 soeii
647 2474 711 2536 sibi
736 2493 929 2556 comparare
950 2474 1129 2556 potuerint,
1152 2493 1251 2555 quam
1272 2473 1368 2554 plebs
1381 2475 1503 2536 habeat

276 2600 440 2661 rationem
464 2609 596 2682 reputet
621 2622 627 2660 :
651 2599 824 2682 popularis
847 2599 981 2681 imperii
1006 2597 1192 2660 fautoribus
1218 2599 1323 2681 magis
1347 2599 1502 2682 expedire

277 2723 410 2786 videtur
438 2724 696 2786 Atheniensium
721 2743 823 2785 uuum
855 2743 1018 2806 quemque
1042 2724 1209 2785 sociorum
1235 2743 1315 2806 opes
1339 2723 1500 2796 obtinere,

277 2849 385 2910 socios
406 2859 517 2911 autem
536 2859 666 2950 tantum
694 2849 793 2912 modu
817 2847 951 2920 habere,
977 2857 1100 2930 quantu
1122 2848 1165 2910 ad
1187 2848 1314 2910 victum
1338 2869 1422 2932 opus
1448 2850 1500 2921 sit,

277 2993 319 3034 ue
336 2975 488 3044 insidiari
509 2975 650 3057 possint.

338 3099 456 3160 Altera
489 3101 525 3161 in
558 3099 732 3182 particula,
773 3100 916 3181 scriptor
951 3099 1098 3181 explicat
1133 3099 1214 3181 quid
1242 3099 1287 3160 sit
1314 3120 1373 3161 cur
1407 3098 1504 3182 plebs

279 3225 387 3286 socius
422 3234 518 3306 cogat
540 3225 690 3286 Athenas
716 3225 759 3285 ad
781 3225 850 3305 jus¹
866 3223 1046 3305 petendum
1077 3244 1149 3285 sese
1179 3223 1330 3284 conferre
1358 3247 1365 3284 ε
1391 3227 1435 3304 1⁰)
1465 3223 1505 3285 ln

278 3351 485 3434 paragrapho
510 3351 557 3421 16,
579 3350 620 3411 de
644 3349 789 3431 publicis
809 3348 983 3411 beneficiis
1001 3349 1147 3410 disserit.
1173 3348 1323 3410 Primum
1341 3358 1392 3410 est
1415 3349 1505 3430 quud

279 3497 297 3538 a
319 3485 536 3546 sacramento,
554 3474 642 3557 apud
653 3472 780 3555 judiees
799 3473 964 3556 deposito,
981 3493 1041 3556 per
1059 3481 1166 3534 totum
1181 3493 1305 3534 annum
1320 3473 1504 3538 mercedem

279 3601 474 3683 percipiant.
490 3599 619 3661 Deinde
643 3599 743 3680 quod,
765 3598 857 3659 domi
873 3608 1057 3670 manentes,
1077 3598 1179 3660 nullis
1202 3599 1346 3660 navibus
1368 3618 1386 3659 e
1406 3607 1506 3680 portu

281 3727 422 3797 emissis,
461 3727 630 3787 sociorum
667 3724 817 3784 civitates
844 3723 1089 3786 administrent.
1122 3722 1218 3784 Adde
1246 3723 1346 3804 quod,
1373 3724 1402 3784 si
1429 3724 1505 3805 quis

281 3851 431 3934 plebejae
473 3851 669 3933 disciplinae
709 3857 759 3910 est
801 3848 973 3920 addictum
1017 3868 1092 3909 eum
1130 3847 1332 3910 incolumem
1372 3857 1506 3910 servant

282 3979 418 4060 ejusque
456 3976 686 4039 adversarium
719 3975 755 4036 in
778 3973 915 4056 judiciis
948 3974 1151 4056 opprimunt.
1186 3972 1286 4053 Quod
1320 3974 1348 4036 si
1378 3973 1506 4055 judicia

281 4102 423 4184 singulis
461 4102 497 4162 in
533 4101 641 4184 patria
683 4119 836 4162 exercere
874 4099 998 4169 liceret,
1035 4098 1203 4168 nimirum,
1245 4097 1506 4160 Atheniensibus

280 4225 413 4297 infensi,
435 4247 491 4287 eus
521 4245 661 4286 numeru
691 4225 864 4286 vincerent
895 4223 1149 4304 obruerentque,
1175 4224 1372 4306 quicumque
1402 4224 1506 4284 Athe·

280 4353 447 4414 niensium
482 4350 675 4432 disciplinae
708 4349 868 4411 faverent.
899 4352 946 4427 2⁰)
973 4347 1012 4408 In
1046 4347 1255 4430 paragrapho
1288 4367 1335 4429 17,
1372 4349 1414 4410 de
1441 4349 1506 4430 pri·
1544 4369 1545 4374 ¹

280 4477 368 4540 vatis
409 4477 593 4539 commodis
634 4475 752 4559 agitur.
794 4475 829 4537 Si
866 4494 949 4556 quae
991 4493 1117 4536 merces
1155 4474 1192 4535 in
1232 4473 1387 4536 Piraeum
1429 4483 1507 4537 sunt

280 4603 497 4683 importatae,
536 4611 691 4683 percepta
726 4621 839 4662 earum
875 4601 1053 4661 centesima
1089 4608 1199 4681 parte,
1234 4599 1363 4661 civitati
1400 4600 1508 4681 major

281 4737 465 4809 proventus
501 4726 639 4787 aceedit.
665 4725 805 4798 Deinde,
850 4725 879 4786 si
907 4725 961 4785 cui
993 4725 1059 4786 vel‘
1084 4723 1203 4786 domus
1228 4734 1280 4786 est
1304 4724 1422 4797 locata,
1451 4725 1507 4786 vel

280 4855 466 4934 jumentum
502 4853 555 4913 vel
581 4852 782 4934 mancipium
810 4860 859 4911 est
892 4851 1105 4921 meritorium,
1134 4871 1172 4910 eu
1200 4851 1273 4931 plus
1306 4850 1388 4910 lucri
1415 4851 1505 4911 facit.
