3720 5912
451 657 468 696 2
970 655 1157 698 PRAEFATIO

449 824 538 884 enim
564 824 747 905 scriptoris,
773 825 809 883 in
839 825 952 903 paucis
981 823 1218 904 mendosisque
1247 821 1421 884 codicibus
1457 833 1587 886 servata
1618 826 1676 904 (ι’),

450 976 517 1016 non
538 956 639 1016 nullis
658 957 787 1017 lacunis
808 956 947 1036 aliisque
972 957 1235 1038 corruptelarum
1254 955 1434 1037 generibus
1457 966 1534 1018 sunt
1551 958 1678 1039 passim

450 1090 651 1162 oblitterata,
681 1100 746 1162 aut,
782 1092 894 1172 pravis
930 1090 1131 1152 lectionibus
1164 1091 1200 1151 in
1234 1091 1419 1152 orationem
1449 1113 1468 1151 a
1496 1091 1679 1173 majoribus

450 1223 617 1294 traditam,
652 1222 713 1285 sub
749 1223 856 1305 specie
890 1223 1101 1298 emendandi,
1139 1233 1264 1284 temere
1300 1223 1457 1294 inductis,
1493 1224 1679 1285 deformata
1719 1201 1720 1206 ἵ

451 1357 505 1416 vel
524 1357 736 1454 adulterata.
771 1359 886 1438 Itaque
919 1377 986 1417 non
1023 1357 1107 1418 nulli
1138 1378 1175 1417 ac
1212 1377 1345 1438 sagaces
1373 1357 1448 1428 viri,
1484 1359 1679 1420 acutissimo

451 1489 587 1570 quidem
620 1491 756 1571 ingenio
796 1500 895 1571 atquc
935 1500 1089 1551 emuncto
1122 1491 1250 1571 judicio
1296 1491 1467 1573 scriptoris
1513 1493 1680 1553 rationem

450 1623 581 1683 dicendi
619 1625 838 1705 propriasque
881 1625 1061 1684 sententias
1097 1624 1272 1684 restituere
1311 1623 1377 1684 sibi
1420 1635 1678 1706 proposuerunt.

450 1757 541 1817 Inter
573 1778 657 1838 quos
687 1757 846 1818 Cobetum
876 1761 933 1836 (2),
957 1757 1250 1818 Wachsmuthium
1270 1758 1328 1838 (3),
1361 1757 1604 1820 Kirchhossinm
1631 1760 1679 1838 (4)

449 1901 548 1972 atque
568 1891 1029 1972 Muellerum-Struebingium
1050 1892 1097 1972 (5)
1118 1911 1379 1953 commemorare
1408 1891 1521 1974 eisque
1543 1893 1677 1974 gratias

450 2026 540 2107 quod
571 2046 638 2086 non
668 2046 838 2106 nunquam
872 2027 954 2086 mihi
979 2035 1036 2086 aut
1068 2027 1103 2086 in
1139 2026 1238 2087 rebus
1271 2026 1529 2107 interpretandis
1559 2035 1616 2087 aut
1642 2027 1680 2086 in

449 2157 562 2219 verbis
606 2159 822 2220 emendandis
868 2160 921 2220 vel
967 2160 1111 2220 maximo
1154 2159 1280 2220 fuerint
1321 2159 1531 2239 adjument0,
1580 2179 1679 2242 agere

449 2313 593 2374 aequum
613 2304 673 2354 est.

510 2425 697 2498 Praeterea,
726 2447 791 2486 non
820 2427 921 2487 nullis
950 2427 986 2486 in
1013 2427 1106 2495 locis
1137 2427 1307 2507 graviores
1331 2427 1431 2487 etiam
1467 2427 1678 2487 difficultates

451 2561 625 2621 doctorum
652 2561 802 2620 virorum
829 2561 998 2642 ingenium
1029 2560 1295 2622 sollicitaverunt
1329 2569 1428 2641 atque
1459 2561 1679 2640 cogitationes

449 2695 668 2754 retinuerunt.
694 2693 796 2754 Modo
825 2695 914 2754 enim
942 2695 1078 2754 lacunae
1111 2703 1188 2754 sunt
1216 2703 1376 2776 repertae,
1411 2694 1533 2776 quibus
1565 2713 1678 2755 rerum

452 2825 639 2887 distributio
667 2827 796 2907 saepius
823 2836 873 2886 est
897 2826 1036 2887 obtecta.
1065 2826 1166 2887 Modo
1189 2829 1428 2888 sententiarum
1451 2829 1606 2908 junctura
1630 2829 1679 2888 ita

451 2969 502 3020 est
538 2961 593 3021 vel
627 2961 702 3020 laxa
743 2961 798 3020 vel
826 2961 1030 3030 intermissa,
1064 2970 1102 3022 ut
1138 2961 1291 3042 scriptor,
1327 2961 1475 3042 neglecto
1512 2961 1678 3022 sermonis

450 3094 566 3153 ordine
586 3095 783 3174 omissisque
804 3093 1069 3164 transitionibus
1088 3094 1130 3154 ab
1150 3114 1189 3154 eo
1212 3095 1303 3174 quod
1323 3114 1490 3175 exponere
1512 3103 1677 3175 coeperat,

451 3229 549 3309 longe
584 3228 738 3288 deerrare
777 3228 940 3291 videatur.
978 3227 1053 3287 Non
1090 3249 1260 3310 nunquam
1292 3230 1381 3290 enim
1409 3237 1605 3310 argumenta
1632 3228 1679 3288 ita

450 3372 527 3423 sunt
559 3363 747 3423 inordinata
777 3373 810 3424 et
838 3365 953 3439 mixta,
980 3372 1016 3423 ut
1046 3363 1081 3422 in
1103 3364 1262 3423 orationis
1287 3362 1485 3444 ambagibus
1518 3381 1680 3444 vagemur

450 3504 548 3576 atque
572 3515 638 3576 quo
662 3497 698 3556 in
720 3497 795 3557 loco
810 3498 956 3577 quidque
978 3496 1018 3556 ab
1040 3505 1172 3557 auctore
1194 3497 1296 3558 fuerit
1309 3497 1505 3557 collocatum
1520 3495 1679 3556 diiiicilli-

496 3703 538 3764 (1)
558 3701 619 3749 Hoc
638 3703 810 3765 opusculum
828 3702 922 3750 tribus
944 3701 975 3749 in
999 3701 1148 3751 codicibus
1169 3707 1214 3750 cst
1230 3707 1375 3750 servatum
1393 3700 1565 3760 :Vaticano
1589 3715 1679 3765 quem

450 3781 643 3830 Kirchhossius
658 3781 755 3830 littera
769 3784 805 3841 A,
821 3780 1190 3844 Muellerus-Struebingius
1204 3780 1301 3830 littera
1317 3781 1342 3830 V
1359 3781 1506 3844 designat;
1519 3779 1677 3839 Marciano,

450 3877 537 3926 quem
560 3862 656 3910 littera
681 3877 697 3910 a
724 3863 930 3920 Kirchhossius,
955 3861 1048 3910 littera
1072 3861 1101 3910 M
1124 3861 1495 3926 Muellerus-Struebingius
1519 3860 1679 3925 signifieat3

451 3943 653 4001 Laurentiano,
671 3956 756 4006 quem
773 3942 967 3991 Kirchhotlius
983 3941 1080 3990 littera
1097 3942 1130 4002 D,
1148 3941 1524 4004 Muellerus-Struebingius
1541 3941 1640 3990 littera
1658 3941 1679 3989 L

451 4027 607 4086 nuncupat.
626 4022 667 4070 Dc
682 4021 793 4080 ordine,
807 4023 836 4070 in
852 4037 938 4085 quem
951 4023 1063 4071 codices
1079 4022 1144 4071 ilios
1159 4022 1289 4087 redigere
1302 4027 1424 4086 oportet,
1440 4027 1468 4070 et
1484 4021 1679 4085 temporibus,

451 4103 558 4166 quibus
577 4108 644 4150 sunt
661 4103 808 4166 descripti,
833 4103 970 4152 disseruit
992 4103 1185 4152 Kirchhossius
1208 4105 1238 4151 in
1260 4103 1502 4152 commentatione
1522 4100 1611 4151 Ueber
1633 4101 1680 4151 dte

451 4183 561 4246 Schrijt
576 4197 638 4231 vom
651 4183 735 4232 Staat
749 4182 800 4232 der
816 4183 939 4232 Athenon
953 4183 1104 4246 (Berolini.
1123 4197 1199 4231 anno
1216 4183 1297 4246 1874).

498 4266 538 4325 (a)
556 4262 691 4322 Cosmus,
705 4263 734 4310 in
746 4261 822 4311 libro
837 4265 888 4328 qui
905 4263 1005 4312 Novna
1020 4263 1175 4312 Luerlonas
1192 4263 1351 4327 inscriptus
1368 4268 1411 4311 est
1427 4261 1575 4326 (Lugduni
1589 4260 1680 4310 Bata-

451 4357 563 4404 vorum,
579 4357 655 4390 anno
669 4343 737 4410 1858.
750 4357 778 4406 p.
793 4343 839 4404 738
852 4349 879 4392 et
893 4345 968 4408 seq.)
980 4342 1123 4407 plurimos
1136 4342 1228 4392 libelii
1242 4343 1336 4392 nostri
1346 4342 1426 4392 locos
1441 4340 1613 4390 emendavit.

498 4423 539 4486 (3)
560 4422 661 4472 Consu
681 4423 894 4473 Wacusuurun
912 4425 1121 4474 Commentatio
1139 4424 1173 4473 de
1194 4423 1391 4488 Xenophontis
1407 4425 1458 4489 qui
1465 4423 1565 4487 fertur
1582 4421 1681 4472 libello

452 4500 588 4556 Πολιτεία
609 4496 767 4573 Ἀθηναίων
783 4504 958 4569 (Gottingae,
975 4503 1146 4566 ann01874).

500 4584 539 4646 (4)
556 4583 749 4633 Kraenuornn
763 4585 1038 4634 commentationem
1055 4599 1144 4648 supra
1161 4583 1287 4635 laudavi.

500 4667 540 4727 (5)
554 4663 950 4714 Mursianus-Sanuunmcrus
962 4664 1093 4712 libellum
1106 4659 1240 4715 Πολιτεία
1261 4657 1421 4733 Ἀθηναίων
1436 4665 1609 4728 inscriptum
1621 4663 1681 4712 edi·

454 4746 496 4794 dit
513 4746 542 4792 in
558 4745 722 4809 Pbttotogo,
737 4745 875 4809 supplem.
894 4746 963 4794 fasc.
982 4745 1029 4804 lV,
1050 4759 1125 4794 anno
1145 4744 1205 4793 1880
1227 4745 1501 4810 (Untersucbungen
1523 4743 1609 4794 ceter
1633 4745 1680 4794 dte

452 4825 521 4884 Zeit,
534 4824 579 4874 dic
593 4824 681 4874 Form
694 4825 752 4874 und
765 4826 819 4874 den
839 4825 997 4888 Vcrfasscr.
1012 4825 1090 4874 Neue
1106 4825 1322 4875 Textrecenat'on
1333 4825 1391 4874 und
1405 4823 1613 4890 Parapbrase).
