3720 5912
391 666 428 706 10
723 669 765 709 DE
787 667 917 709 LIBELLI
939 667 1054 710 FORMA
1077 665 1274 710 msPU'rArro

386 843 464 896 sunt
497 834 635 917 profecti
669 836 738 916 ejus
772 838 972 899 sententiam
1004 838 1102 898 novis
1135 859 1172 897 ac
1204 835 1488 918 probabilioribus
1520 858 1615 919 argu-

384 961 505 1020 mentis
556 961 754 1021 confirmare
797 962 1003 1023 studuerunt.
1058 961 1149 1023 Inter
1191 982 1274 1044 quos
1319 961 1523 1024 Pankowius
1567 965 1617 1041 (ι)

383 1082 536 1145 libellum
563 1084 603 1146 de
639 1105 674 1146 re
703 1084 837 1166 publica
875 1087 1134 1148 Atheniensium
1162 1107 1182 1148 a
1210 1085 1380 1148 veteribus
1415 1086 1512 1148 nobis
1551 1096 1616 1147 tra-

384 1207 492 1267 ditum
522 1227 539 1266 e
572 1207 705 1288 dialogo
738 1217 771 1268 et
798 1209 868 1290 ipse
903 1209 1071 1270 existimat
1103 1229 1175 1270 csse
1204 1207 1449 1291 depromptum,
1480 1209 1516 1270 in
1549 1229 1615 1288 quo

385 1331 451 1392 duo
484 1332 693 1413 optimatium
733 1331 880 1394 fautores
919 1335 1006 1394 inter
1042 1354 1077 1394 se
1112 1343 1225 1394 essent
1266 1333 1434 1405 collocuti,
1473 1353 1616 1415 quorum

386 1456 527 1517 alterum
568 1457 865 1519 Lacedaemonium
904 1457 1006 1520 inisse
1045 1467 1152 1539 putat,
1192 1459 1332 1519 alterum
1378 1458 1615 1520 Atheniensem

388 1580 576 1662 quemdam,
610 1583 666 1662 qui
693 1581 753 1642 illo
783 1591 933 1665 tempore
959 1604 978 1644 a
1005 1584 1113 1664 patria
1150 1583 1292 1645 abesset.
1328 1582 1511 1646 Pankowio
1544 1585 1616 1645 veri

389 1704 594 1765 simillimum
623 1725 694 1767 esse
721 1707 853 1767 videtur
886 1726 972 1777 eum,
1000 1708 1057 1788 qui
1086 1716 1196 1788 partes
1223 1727 1242 1767 a
1271 1707 1406 1788 dialogo
1442 1707 1616 1789 depromp-

389 1829 497 1898 sisset,
536 1849 592 1890 eas
628 1831 803 1912 collegisse
833 1840 866 1892 et
896 1831 932 1892 in
957 1852 1059 1892 unum
1091 1853 1128 1892 ac
1155 1832 1347 1892 continuum
1380 1831 1530 1892 libellum
1569 1831 1616 1891 ita

387 1955 566 2035 redegisse,
592 1963 627 2014 ut
647 1955 745 2017 nobis
771 1957 894 2037 integri
922 1958 1034 2038 operis
1059 1957 1202 2038 speciem
1229 1957 1413 2038 praeberet.

446 2077 720 2141 Wachsmuthius
746 2081 793 2161 (a)
820 2080 938 2142 Cobeti
962 2090 995 2142 et
1024 2081 1199 2143 Pankowii
1223 2081 1431 2162 disciplinam
1462 2091 1511 2142 est
1543 2081 1616 2141 imi·

387 2212 483 2274 tatus,
510 2205 568 2265 sed
593 2205 635 2266 ab
659 2205 703 2266 iis
727 2205 894 2277 dissentit,
919 2207 1011 2287 quod
1027 2206 1224 2268 incredibile
1251 2206 1341 2267 ducit
1364 2206 1514 2266 libellum
1542 2225 1615 2266 nos-

386 2337 475 2388 trum
492 2347 532 2388 ex
549 2328 700 2410 pluribus
721 2350 758 2390 ae
779 2330 897 2390 solutis
914 2339 1065 2391 constare
1083 2331 1245 2412 partibus,
1263 2331 1305 2392 ab
1324 2331 1450 2392 editore
1470 2331 1615 2411 quodam

388 2452 536 2512 collectis
565 2461 596 2514 et
620 2453 656 2514 in
688 2474 792 2514 unum
818 2455 1014 2536 opusculum
1049 2456 1237 2516 contractis
1274 2455 1382 2534 Quam
1416 2457 1614 2516 sententiam

388 2577 597 2660 paucissimis
638 2578 815 2660 explanare
861 2598 995 2639 necesse
1036 2587 1096 2639 est.
1136 2578 1396 2640 Grammaticum
1438 2579 1616 2660 quemdam

389 2712 446 2764 aut
470 2702 735 2764 Alexandrinum
759 2711 816 2762 aut
845 2702 1063 2783 Pergameum
1094 2703 1272 2764 laceratam
1303 2704 1368 2764 sibi
1395 2704 1616 2784 acquisivisse

390 2829 548 2900 chartam,
576 2829 611 2888 in
634 2847 699 2908 qua
723 2827 886 2909 dialogus,
923 2827 1153 2909 Xenophontis
1185 2829 1321 2889 nomine
1353 2829 1615 2900 commendatus

390 2961 478 3014 esset
505 2953 699 3034 descriptus
728 2953 852 3012 Eorum
875 2953 933 3032 qui
958 2952 999 3012 de
1024 2973 1059 3012 re
1086 2952 1219 3034 publica
1247 2954 1505 3014 Atheniensium
1529 2954 1618 3014 inter
1641 3015 1644 3020 ,

389 3097 425 3138 se
450 3087 561 3139 essent
585 3077 751 3148 collocuti,
775 3079 915 3138 alterum
943 3078 1196 3148 Atheniensem,
1227 3078 1367 3138 alterum
1397 3077 1617 3140 Lacedaemo-

389 3202 481 3262 nium
515 3201 801 3272 Wachsmuthius‚
838 3211 970 3263 auctore
1005 3201 1200 3272 Pankowio‚
1237 3203 1339 3264 fuisse
1373 3212 1478 3284 putat.
1514 3203 1617 3265 Athe-

388 3327 539 3388 niensem
572 3336 682 3387 autern
717 3347 784 3387 non
818 3326 1035 3408 optimatibus
1063 3325 1186 3388 favisse
1221 3327 1280 3387 sed
1311 3326 1443 3408 plebeio
1474 3327 1617 3408 imperio

389 3451 555 3512 addictum
574 3472 611 3512 ac
630 3451 750 3513 Pericli
772 3472 949 3534 supparem
973 3451 1075 3512 fuisse
1097 3453 1168 3512 veri
1187 3452 1396 3513 simillimum
1419 3472 1491 3514 esse
1512 3453 1614 3514 ducit.

389 3575 649 3637 Grammaticum
672 3585 835 3646 nostrum,
864 3578 891 3637 si
918 3597 983 3657 qua
1007 3576 1132 3657 dialogi
1159 3577 1323 3657 particula
1353 3585 1439 3637 esset
1471 3577 1614 3658 integra,

388 3721 461 3762 eam
493 3701 718 3782 descripsisse,
761 3702 821 3763 sed
852 3703 981 3763 nullum
1015 3702 1050 3762 in
1084 3701 1258 3782 explendis
1298 3701 1426 3763 lacunis
1462 3703 1617 3784 posuisse

388 3827 534 3888 studium
551 3847 657 3907 neque
680 3827 782 3887 ullam
807 3827 985 3887 reficiendo
1007 3826 1140 3907 dialogo
1160 3825 1293 3886 dedisse
1315 3846 1460 3907 operam.
1479 3826 1619 3887 Wachs-

389 3952 534 4012 muthius
573 3973 641 4012 non
681 3952 789 4012 solum
824 3951 917 4012 illam
957 3951 997 4011 de
1040 3952 1192 4033 opusculi
1228 3951 1356 4034 origine
1385 3953 1617 4033 quaestionem

388 4077 518 4138 solvere
547 4077 607 4138 sed
632 4077 731 4137 ctiam
753 4077 895 4138 solutam
923 4077 1084 4137 lectorum
1113 4077 1218 4138 oculis
1242 4091 1433 4158 'proponere
1458 4077 1615 4139 instituit.

388 4201 497 4280 Quam
523 4202 566 4262 ob
593 4221 664 4262 rem
689 4203 774 4262 hanc
798 4201 917 4264 edendi
943 4200 1048 4262 libelli
1072 4203 1237 4262 rationem
1266 4210 1317 4262 est
1338 4211 1481 4264 secutus.
1510 4200 1617 4262 Certis

386 4347 424 4387 ac
466 4327 606 4386 diversis
632 4327 818 4386 litterarum
834 4373 842 4390 .
856 4325 976 4386 formis
1016 4335 1048 4386 et
1077 4345 1161 4406 quae
1194 4347 1213 4385 a
1246 4325 1508 4387 Lacedaemonio
1538 4335 1618 4388 sunt

386 4452 475 4514 dicta
497 4461 529 4512 et
554 4471 638 4532 quae
667 4451 708 4511 ab
739 4451 941 4512 Atheniense
967 4451 997 4511 ei
1027 4459 1104 4511 sunt
1132 4450 1261 4532 objecta
1287 4461 1319 4512 et
1343 4471 1427 4531 quae
1451 4471 1617 4531 gramma-

431 4730 471 4790 (1)
487 4728 640 4777 Parumwu
655 4727 830 4792 opusculum
844 4727 911 4776 vide
927 4742 1016 4792 supra
1030 4727 1192 4778 laudatum.

432 4811 471 4873 (a)
487 4807 701 4858 Wacusuuruu
716 4808 989 4858 commentationem
1004 4808 1070 4858 vide
1086 4822 1175 4873 supra
1189 4807 1350 4858 laudatam.
