3720 5912
551 649 594 690 na
616 648 744 690 uranum
766 646 882 688 ronna
906 647 1106 690 nisrurnrro
1400 630 1438 712 37

272 812 365 892 Quae
393 815 567 886 sententia,
596 816 727 898 plebem
749 814 976 898 optimatibus,
1003 816 1032 876 si
1059 815 1139 896 quid
1165 815 1244 878 mali
1270 817 1438 889 acciderit,

211 937 248 998 id
275 938 410 999 crimini
442 939 533 1012 dare,
562 959 634 1002 sese
667 949 787 1012 autem,
823 941 852 1001 si
879 939 1065 1022 quidboni
1095 942 1253 1012 evenerit,
1286 942 1439 1004 laudibus

212 1064 382 1136 extollere,
417 1065 461 1126 ad
488 1065 523 1126 id
556 1066 752 1148 scriptorem
780 1065 926 1136 adducit,
956 1073 993 1126 ut
1020 1065 1062 1127 de
1086 1066 1258 1127 comoedia
1289 1076 1373 1148 agat.
1404 1067 1440 1130 Si

212 1189 287 1270 quis
321 1187 453 1271 plebem
492 1189 587 1260 ludit,
617 1191 737 1272 vulgus
767 1210 835 1251 non
873 1191 1007 1272 patitur,
1039 1191 1098 1252 sed
1125 1191 1153 1251 si
1180 1191 1254 1272 quis
1283 1212 1381 1274 quem
1405 1193 1440 1252 in

212 1333 345 1376 scenam
384 1314 527 1397 profert,
565 1315 655 1376 sinit.
688 1313 817 1376 Norunt
851 1315 939 1375 enim
981 1315 1194 1396 plerumque,
1233 1317 1261 1376 si
1296 1317 1370 1397 quis
1404 1317 1441 1377 in

212 1440 394 1502 comoediis
427 1441 624 1522 exagitetur,
662 1460 737 1501 eum
772 1460 841 1500 non
878 1461 895 1500 e
928 1439 1025 1522 plebe
1062 1459 1146 1511 esse,
1185 1440 1244 1502 sed
1270 1441 1324 1502 vel
1361 1461 1440 1524 opu-

210 1565 350 1636 lentum,
371 1565 425 1626 vel
441 1565 599 1636 nobilem,
616 1565 671 1626 vel
690 1572 868 1647 potentem.
892 1563 1019 1646 Siquis
1038 1572 1148 1625 autem
1167 1565 1315 1648 plebejus
1335 1567 1439 1628 risum

210 1699 336 1762 movet,
366 1711 408 1751 ne
427 1691 457 1752 is
485 1691 621 1773 quidem
649 1691 750 1752 aliam
778 1689 821 1751 ob
848 1709 979 1751 eausam
1011 1709 1111 1770 quam
1139 1699 1277 1772 propter
1302 1691 1438 1752 nimiam

211 1815 423 1878 sedulitatem
457 1817 494 1877 in
521 1815 621 1877 rebus
650 1815 692 1876 ad
724 1835 758 1877 se
790 1835 859 1876 non
889 1815 1144 1896 pertinentibus,
1173 1825 1209 1876 ut
1236 1816 1292 1896 qni
1319 1817 1439 1898 princi-

211 1949 327 2021 patum
351 1940 493 2022 adipisci
512 1940 653 2002 studeat.

273 2064 355 2125 Inde
389 2065 534 2146 scriptor
564 2064 685 2125 transit
720 2063 760 2125 ad
790 2064 1018 2146 paragraphos
1046 2082 1085 2144 19
1108 2071 1139 2124 et
1167 2083 1215 2138 ao,
1250 2063 1286 2124 in
1317 2063 1439 2145 quibus

210 2208 297 2270 quae
323 2209 425 2270 supra
449 2189 534 2250 dixit
555 2188 722 2249 concludit
743 2189 975 2269 terminatque.
999 2187 1223 2249 Athenienses
1244 2187 1440 2270 intellegunt

209 2333 291 2375 sane
318 2315 375 2396 qui
406 2315 475 2377 sint
499 2314 625 2396 egregii
649 2314 750 2384 cives,
783 2315 840 2395 qui
871 2313 996 2374 nullius
1019 2313 1191 2374 momenti.
1221 2310 1304 2373 Cum
1329 2321 1438 2374 autem

208 2438 295 2500 alios
319 2439 361 2500 ab
387 2439 464 2499 aliis
499 2439 699 2513 discernant,
734 2438 777 2499 iis
808 2438 867 2519 qui
892 2436 983 2519 plebi
1011 2444 1161 2518 prosunt,
1191 2436 1345 2517 quamvis
1372 2437 1440 2497 sint

206 2563 366 2644 improbi,
388 2562 513 2634 favent,
539 2564 693 2644 egregios
719 2571 828 2623 autem
854 2563 966 2644 potius
992 2561 1142 2622 oderunt.
1160 2559 1324 2622 Virtutem
1351 2561 1438 2622 enim

206 2707 277 2748 non
297 2687 471 2758 beneficio,
498 2688 556 2748 sed
577 2689 687 2769 potius
710 2687 911 2749 detrimento
932 2685 1124 2748 hominihus
1144 2706 1216 2746 esse
1237 2685 1436 2746 existimant.

209 2811 326 2873 Plebis
348 2813 448 2894 igitur
473 2813 696 2895 principatum
719 2811 810 2893 plebi
832 2811 1007 2880 condonat,
1033 2829 1109 2870 nam
1134 2809 1200 2870 sibi
1223 2808 1308 2871 bene
1332 2807 1438 2869 facere

208 2937 319 2998 cuivis
338 2936 380 2997 ab
406 2937 560 2998 omnibus
587 2945 637 2998 est
665 2957 870 2997 conoessum.
900 2935 966 2997 Sed
993 2935 1020 2995 si
1053 2935 1139 3016 quis,
1173 2955 1247 2995 cum
1270 2955 1288 2996 e
1313 2934 1439 3016 populo

207 3082 279 3123 non
305 3063 358 3133 sit,
383 3062 511 3123 mavult
533 3062 685 3123 habitare
711 3061 746 3122 in
768 3062 901 3122 civitate
927 3061 1036 3142 plebis
1066 3060 1252 3121 dominatui
1280 3059 1437 3140 subJecta,

206 3207 309 3268 quam
330 3188 367 3247 in
388 3206 438 3262 ea,
462 3206 546 3268 quae
569 3186 612 3246 ab
636 3185 852 3267 optimatibus
874 3165 1087 3266 gubernatur,
1111 3185 1139 3243 is
1163 3183 1277 3265 inique
1299 3183 1378 3264 agit,
1402 3191 1439 3242 ut

207 3313 267 3393 qui
296 3331 368 3372 sese
389 3311 521 3372 facilius
545 3310 593 3371 ibi
614 3311 716 3371 latere
737 3329 834 3392 posse
860 3311 1039 3377 existimet,
1063 3328 1162 3389 quam
1186 3309 1221 3368 in
1248 3306 1439 3388 republica

206 3457 226 3498 a
256 3437 370 3518 paucis
396 3434 578 3517 probisque
599 3435 728 3497 civibus
755 3435 992 3496 administrata.

271 3562 310 3622 ln
338 3561 456 3643 capitis
483 3562 575 3621 tertii
611 3560 819 3642 paragrapho
850 3581 862 3620 1
893 3560 982 3620 inest
1016 3559 1189 3632 sententia,
1216 3577 1315 3639 quam
1346 3578 1441 3639 opus·

207 3687 275 3750 culi
308 3687 408 3748 totius
434 3687 683 3748 conclusionem
706 3694 739 3746 et
768 3686 864 3766 quasi
893 3685 1070 3745 terminum
1103 3704 1174 3744 esse
1199 3683 1437 3743 demonstravi.

208 3811 310 3893 Cujus
331 3810 458 3872 nullam
484 3811 646 3872 rationem
672 3830 759 3870 nunc
781 3810 905 3870 habere
925 3809 1096 3870 debemus.
1118 3807 1156 3870 ln
1178 3808 1394 3890 paragraphis
1423 3827 1436 3867 1

208 3937 443 4018 (posteriorem
465 3935 556 3996 illius
585 3935 783 4017 paragraphi
807 3934 1002 4016 particulam
1034 3933 1132 4012 dico),
1164 3953 1193 4006 2,
1226 3930 1256 4002 3,
1289 3933 1319 4008 4,
1350 3931 1379 4004 5,
1407 3933 1436 4000 o,

209 4081 237 4142 7,
262 4059 281 4121 8
304 4069 336 4120 et
362 4079 391 4139 9,
425 4061 577 4141 scriptor,
608 4060 636 4119 si
661 4079 745 4140 quae
781 4059 911 4119 crimini
946 4055 1210 4118 Atheniensibus
1245 4066 1321 4116 sunt
1351 4056 1436 4126 data,

210 4205 268 4246 eos
289 4205 431 4267 purgare
447 4184 628 4245 instituisse
655 4185 796 4245 videtur.
823 4184 922 4244 Plura
950 4183 1037 4243 enim
1067 4183 1148 4242 vitia
1172 4181 1321 4264 plebejae
1345 4179 1440 4240 disci·
1518 4199 1522 4204 ·

210 4311 320 4392 plinae
348 4309 522 4372 inhaerent
548 4330 608 4370 nee
638 4309 730 4370 nulla
760 4307 971 4369 incommoda
1001 4307 1154 4390 publicos
1183 4306 1439 4367 Atheniensium

210 4455 321 4496 mores
341 4444 535 4516 sequuntur.
553 4434 588 4495 Si
610 4435 686 4515 quis
708 4434 840 4516 plebem
855 4435 993 4505 incusat,
1013 4432 1123 4514 plebis
1143 4451 1276 4493 causam
1299 4431 1440 4512 scriptor

211 4560 290 4640 agit.
316 4558 390 4619 Non
423 4559 506 4620 nulli
536 4559 785 4640 reprehendunt
812 4557 1046 4628 Athenienses,
1082 4557 1171 4638 quod
1199 4556 1223 4616 ii
1252 4556 1309 4637 qui
1335 4556 1388 4616 vel
1422 4575 1440 4615 a

213 4693 340 4754 senatu,
348 4664 412 4744 ‘vel
434 4704 453 4742 a
474 4682 599 4765 populo
618 4683 673 4764 jus
695 4690 822 4764 petunt,
839 4689 945 4742 totum
969 4700 1093 4742 annum
1114 4680 1148 4740 ld
1170 4699 1239 4741 non
1261 4679 1440 4761 impetrare

212 4807 351 4888 possint.
378 4805 478 4886 Quod
502 4807 540 4866 fit
570 4806 698 4867 nullam
726 4806 770 4866 ob
797 4806 897 4867 aliam
923 4823 1069 4875 causam,
1097 4805 1163 4864 nisi
1193 4803 1441 4888 quodpropter
