3720 5912
528 741 597 796 Quo
618 739 774 783 rasarone
795 739 954 784 erasmus
975 739 1024 783 sm
1046 739 1200 784 scaurus
1438 721 1477 802 47

252 910 293 972 dc
308 908 451 972 Milesiis
464 907 544 970 facti
556 917 634 972 suut
649 917 808 990 repertae,
827 907 917 990 quod
936 907 1065 970 adeam
1079 907 1298 969 deiectionem
1311 907 1478 990 pertinere

252 1032 386 1095 videtur
421 1035 478 1114 (1).
512 1033 549 1095 Si
578 1032 767 1095 litterarum
796 1033 938 1115 liguram
970 1032 1182 1115 perspexeris
1218 1031 1479 1114 archontumque

251 1159 414 1220 rationem
426 1157 596 1227 habueris,
614 1157 784 1219 decretum
796 1155 880 1218 illud
894 1157 982 1218 iuter
995 1155 1039 1220 ol.
1053 1155 1102 1228 82,
1117 1154 1147 1228 3,
1159 1155 1195 1216 id
1210 1165 1260 1218 est
1270 1175 1394 1218 annum
1405 1156 1476 1234 450,

219 1317 223 1326 -
252 1293 286 1345 et
300 1283 344 1346 ol.
356 1282 406 1353 83,
421 1303 451 1358 a,
467 1281 505 1342 id
526 1289 577 1342 est
595 1302 718 1343 aunum
732 1282 802 1363 447,
818 1280 1010 1363 ponendum
1025 1299 1097 1344 esse
1112 1280 1329 1342 existimabis.

313 1407 365 1469 De
392 1407 492 1470 tertio
515 1406 676 1489 temporis
704 1406 829 1468 indicio
855 1407 963 1488 major
985 1414 1036 1468 cst
1057 1406 1264 1490 disceptatio.
1292 1405 1424 1468 Etenim
1442 1406 1479 1467 in

253 1533 315 1593 hoc
340 1526 491 1614 opusculi
515 1531 590 1591 loco
623 1530 776 1594 lacunam
805 1530 916 1594 inesse
943 1531 1059 1612 liquet.
1090 1529 1141 1592 De
1171 1531 1289 1592 ceteris
1319 1531 1479 1613 exemplis

237 1655 480 1738 *compluribus
513 1653 627 1716 verbis
662 1654 805 1736 scriptor
839 1653 1015 1725 disseruit3
1053 1653 1094 1715 de
1129 1654 1263 1716 Boeotis
1295 1654 1381 1716 nihil
1414 1653 1481 1717 nisi

253 1785 338 1861 ὃμὲν
366 1787 501 1848 Βοιωτοῖς
526 1778 625 1840 dixit.
651 1779 744 1858 Quas
771 1798 825 1842 res
854 1779 907 1840 his
930 1778 1043 1840 verbis
1064 1779 1302 1862 significaverit
1326 1779 1478 1861 scriptor,

253 1904 404 1966 eamdem
432 1905 522 1965 viam
550 1903 781 1985 rationemque
804 1904 976 1986 ingressus
1005 1911 1102 1985 atque
1130 1903 1367 1979 Kirchhoffius,
1389 1904 1481 1964 inda·

253 2050 332 2112 gare
359 2029 500 2092 studebo
525 2032 585 2110 (a).
614 2029 697 2091 Cum
723 2029 846 2092 Persae
875 2029 1053 2092 Mandonio
1079 2030 1161 2092 duce
1189 2029 1363 2093 Graeciam
1387 2029 1482 2091 inva-

154 2137 158 2143 ⁵
254 2155 544 2235 senmt(01.75‚1
577 2181 615 2210 =
645 2154 728 2233 480),
751 2153 891 2216 Boeotia
924 2154 1048 2238 oppida
1078 2153 1289 2237 principibus
1316 2153 1481 2215 Thebanis

255 2287 351 2340 erant
373 2279 553 2340 foederata.
579 2277 673 2358 Quae
702 2278 816 2340 Persis
840 2299 913 2340 sese
939 2279 1152 2361 subjecerunt
1173 2287 1272 2362 atque
1297 2299 1373 2340 cum
1395 2275 1484 2339 Mar·

254 2403 356 2465 donio
384 2403 564 2465 amicitiam
595 2401 757 2475 iecerunt,
798 2403 878 2464 dum
918 2402 1127 2465 Plataeenses
1159 2402 1417 2465 Atheniensium
1446 2402 1482 2464 in

253 2537 363 2609 partes
393 2527 694 2611 transgrediuntur.
735 2528 895 2590 Conferto
937 2536 1046 2590 autem
1085 2527 1218 2590 Persico
1259 2527 1365 2600 bello,
1407 2547 1480 2588 cum

254 2652 476 2715 Athenienses
495 2651 662 2715 Thebanis
680 2671 821 2735 paenam
842 2653 1058 2725 minarentur,
1078 2653 1292 2736 Boeotiarum
1314 2655 1483 2716 civitatum

255 2751 396 2840 societas
415 2787 466 2840 est
486 2777 650 2840 dissoluta
664 2777 861 2859 Thebaeque
876 2798 895 2838 a
912 2778 1012 2839 sociis
1034 2787 1111 2840 sunt
1132 2787 1333 2862 segregatae.
1350 2778 1480 2852 Postea,

255 2923 331 2964 cum
362 2902 613 2966 Lacedaemonii
643 2903 701 2982 (ol.
739 2903 812 2981 80‚4
840 2929 879 2957 =
909 2903 983 2984 457)
1012 2904 1157 2965 mediam
1186 2903 1359 2966 Graeciam
1390 2905 1482 2966 inva-

244 3036 370 3105 serunt
394 3035 492 3109 atque
517 3048 592 3089 cum
618 3028 787 3090 Thebanis
808 3027 925 3089 foedus
947 3037 1024 3089 sunt
1044 3028 1143 3110 pacti,
1166 3029 1379 3092 boeotiarum
1404 3029 1484 3091 civi·

254 3159 360 3213 tatum
387 3153 578 3214 societatem
608 3152 850 3215 restituendam
883 3173 955 3214 esse
983 3162 1061 3216 sunt
1088 3153 1249 3236 stipulati.
1285 3153 1361 3228 Sed,
1395 3162 1483 3237 post·

255 3298 367 3360 quam,
397 3276 660 3339 Atheniensibus
687 3277 728 3339 ad
755 3275 941 3358 Tanagram
967 3278 1072 3339 caesis
1100 3278 1158 3358 (ol.
1182 3279 1256 3356 804
1278 3305 1314 3334 :
1336 3280 1420 3360 457),
1447 3279 1484 3340 in

255 3402 522 3485 Peloponnesum
546 3411 624 3464 sunt
648 3403 804 3484 regressi,
827 3403 1063 3480 Athenienses,
1084 3402 1262 3484 Myronide
1283 3405 1377 3476 duce,
1401 3403 1483 3466 The·

254 3526 419 3589 banorum
443 3527 543 3590 sociis
565 3527 755 3590 libertatem
776 3527 928 3610 polliciti,
956 3527 1156 3589 Roeotorum
1185 3529 1269 3590 fines
1292 3529 1485 3591 invaserunt

255 3651 488 3734 sociorumque
514 3653 695 3714 exercitum
716 3653 760 3714 ad
786 3651 987 3736 Oenophyta
1011 3653 1200 3716 occiderunt
1220 3653 1484 3738 fagaveruntque

254 3776 313 3854 (ol.
337 3775 407 3848 81,1
423 3802 462 3831 ε.-
477 3777 561 3857 456).
577 3775 709 3838 Deinde
730 3777 944 3839 Boeotiarum
967 3778 1138 3840 civitatum
1153 3779 1296 3841 societas
1315 3789 1366 3842 est
1380 3780 1483 3843 disso-

255 3900 327 3962 luta
352 3900 539 3983 oppidaque
563 3901 601 3963 in
625 3900 825 3963 deditionem
848 3901 1103 3964 Atheniensium
1126 3910 1301 3963 venerunt.
1326 3901 1485 3966 Boeotiae

256 4034 368 4089 autem
398 4027 559 4103 civitates,
582 4035 620 4089 ut
642 4046 727 4108 quae
744 4026 932 4089 libertatem
960 4027 1198 4099 desiderarent,
1230 4027 1484 4090 Atheniensium

256 4151 435 4234 imperium
472 4171 571 4233 aegre
598 4150 760 4216 ferebant.
798 4151 914 4233 ltaque
948 4152 1194 4214 rebellaverunt
1229 4151 1408 4235 hostesque
1442 4153 1486 4216 ad

257 4275 443 4336 Coroneam
474 4275 628 4337 vicerunt
663 4276 722 4356 (ol.
766 4275 838 4348 aaa
874 4303 914 4332 =
961 4277 1042 4357 447).
1089 4276 1221 4338 Deinde
1264 4277 1485 4340 Athenienses

258 4399 461 4462 Boeotorum
493 4400 593 4462 rebus
622 4400 803 4463 tractandis
830 4400 1072 4463 abstinuerunt.
1103 4399 1185 4462 Cum
1213 4400 1487 4484 Peloponnesiaci

307 4660 347 4722 (1)
362 4659 437 4710 Vide
452 4659 483 4710 C.
498 4659 519 4711 1.
535 4661 570 4710 A.
585 4674 625 4719 aa,
641 4675 667 4710 a.

307 4741 347 4803 (a)
362 4739 480 4790 lllorum
497 4746 661 4806 temporum
678 4745 863 4791 monumenta
872 4753 1098 4790 commemorare
1115 4745 1235 4803 oportet.
1251 4740 1294 4792 Cf.
1309 4741 1396 4803 igitur
1411 4740 1486 4790 Thu·

259 4819 393 4884 oydidem
405 4819 426 4878 1.
445 4821 501 4882 1083
516 4820 677 4870 Diodorum
690 4834 728 4880 ιι,
739 4819 823 4883 79-833
836 4819 985 4870 Platonem
998 4821 1028 4869 in
1041 4820 1196 4872 Menexeno
1208 4835 1237 4885 p.
1249 4822 1303 4883 242.
1315 4821 1394 4884 Quos
1405 4821 1484 4871 locos

259 4899 393 4950 laudavit
404 4899 594 4950 Ktrchhotlius
607 4901 650 4965 (in
666 4899 806 4965 opusculo
820 4915 908 4966 supra
925 4899 1053 4962 laudato,
1069 4901 1135 4951 vide
1148 4915 1212 4966 pag.
1227 4902 1265 4964 4).
