<?xml version="1.0" encoding="UTF-8"?>
<!DOCTYPE html PUBLIC "-//W3C//DTD XHTML 1.0 Transitional//EN"
    "http://www.w3.org/TR/xhtml1/DTD/xhtml1-transitional.dtd">
<html xmlns="http://www.w3.org/1999/xhtml" xml:lang="en" lang="en">
 <head>
  <title>
</title>
<meta http-equiv="Content-Type" content="text/html;charset=utf-8" />
  <meta name='ocr-system' content='tesseract 3.04.00' />
  <meta name='ocr-capabilities' content='ocr_page ocr_carea ocr_par ocr_line ocrx_word'/>
</head>
<body>
  <div class='ocr_page' id='page_1' title='image "./delibelloquixen00dufogoog_0022.png"; bbox 0 0 3720 5912; ppageno 0'>
   <div class='ocr_carea' id='block_1_1' title="bbox 576 682 1467 742">
    <p class='ocr_par' dir='ltr' id='par_1_1' title="bbox 576 682 1467 742">
     <span class='ocr_line' id='line_1_1' title="bbox 576 682 1467 742; baseline 0 0"><span class='ocrx_word' id='word_1_1' title='bbox 576 701 619 742; x_wconf 78' lang='lat' dir='ltr'><strong>DE</strong></span> <span class='ocrx_word' id='word_1_2' title='bbox 641 697 770 742; x_wconf 83' lang='lat' dir='ltr'>LIBELLI</span> <span class='ocrx_word' id='word_1_3' title='bbox 792 701 909 742; x_wconf 75' lang='lat' dir='ltr'><strong>ronMA</strong></span> <span class='ocrx_word' id='word_1_4' title='bbox 931 699 1132 742; x_wconf 78' lang='lat' dir='ltr'><strong>DISPU&#39;I&#39;ATIO</strong></span> <span class='ocrx_word' id='word_1_5' title='bbox 1432 682 1467 742; x_wconf 84' lang='lat'><strong>13</strong></span> 
     </span>
    </p>
   </div>
   <div class='ocr_carea' id='block_1_2' title="bbox 238 866 1544 4698">
    <p class='ocr_par' dir='ltr' id='par_1_2' title="bbox 238 866 1469 1074">
     <span class='ocr_line' id='line_1_2' title="bbox 238 866 1469 948; baseline 0.001 -20"><span class='ocrx_word' id='word_1_6' title='bbox 238 866 393 948; x_wconf 91' lang='lat' dir='ltr'><strong>pluribus</strong></span> <span class='ocrx_word' id='word_1_7' title='bbox 417 869 454 928; x_wconf 95' lang='lat' dir='ltr'><strong>in</strong></span> <span class='ocrx_word' id='word_1_8' title='bbox 482 868 565 928; x_wconf 90' lang='lat' dir='ltr'><strong>locis</strong></span> <span class='ocrx_word' id='word_1_9' title='bbox 590 888 658 928; x_wconf 91' lang='lat' dir='ltr'><strong>non</strong></span> <span class='ocrx_word' id='word_1_10' title='bbox 691 868 905 928; x_wconf 79' lang='lat' dir='ltr'><strong>inveniantur</strong></span> <span class='ocrx_word' id='word_1_11' title='bbox 934 887 1042 948; x_wconf 89' lang='lat' dir='ltr'><strong>neque</strong></span> <span class='ocrx_word' id='word_1_12' title='bbox 1068 887 1208 948; x_wconf 79' lang='lat' dir='ltr'>usquam</span> <span class='ocrx_word' id='word_1_13' title='bbox 1240 869 1404 929; x_wconf 90' lang='lat' dir='ltr'><strong>sermonis</strong></span> <span class='ocrx_word' id='word_1_14' title='bbox 1433 870 1469 930; x_wconf 92' lang='lat' dir='ltr'><strong>in</strong></span> 
     </span>
     <span class='ocr_line' id='line_1_3' title="bbox 239 991 1326 1074; baseline 0.002 -22"><span class='ocrx_word' id='word_1_15' title='bbox 239 992 323 1054; x_wconf 87' lang='lat' dir='ltr'><strong>duas</strong></span> <span class='ocrx_word' id='word_1_16' title='bbox 344 1013 380 1052; x_wconf 90' lang='lat' dir='ltr'><strong>ac</strong></span> <span class='ocrx_word' id='word_1_17' title='bbox 409 993 592 1053; x_wconf 89' lang='lat' dir='ltr'><strong>contrarias</strong></span> <span class='ocrx_word' id='word_1_18' title='bbox 613 1000 723 1074; x_wconf 85' lang='lat' dir='ltr'><strong>partes</strong></span> <span class='ocrx_word' id='word_1_19' title='bbox 747 991 938 1052; x_wconf 74' lang='lat' dir='ltr'><strong>distributio</strong></span> <span class='ocrx_word' id='word_1_20' title='bbox 967 991 1064 1052; x_wconf 90' lang='lat' dir='ltr'><strong>nobis</strong></span> <span class='ocrx_word' id='word_1_21' title='bbox 1088 993 1133 1054; x_wconf 92' lang='lat' dir='ltr'><strong>sit</strong></span> <span class='ocrx_word' id='word_1_22' title='bbox 1153 991 1326 1074; x_wconf 86' lang='lat' dir='ltr'><strong>patefacta.</strong></span> 
     </span>
    </p>

    <p class='ocr_par' dir='ltr' id='par_1_3' title="bbox 240 1116 1471 1698">
     <span class='ocr_line' id='line_1_4' title="bbox 301 1116 1469 1199; baseline 0.001 -22"><span class='ocrx_word' id='word_1_23' title='bbox 301 1117 428 1178; x_wconf 85' lang='lat' dir='ltr'><strong>Omnes</strong></span> <span class='ocrx_word' id='word_1_24' title='bbox 451 1117 529 1177; x_wconf 91' lang='lat' dir='ltr'><strong>illae</strong></span> <span class='ocrx_word' id='word_1_25' title='bbox 551 1117 743 1186; x_wconf 88' lang='lat' dir='ltr'><strong>sententiae,</strong></span> <span class='ocrx_word' id='word_1_26' title='bbox 770 1139 789 1176; x_wconf 90' lang='lat' dir='ltr'><strong>a</strong></span> <span class='ocrx_word' id='word_1_27' title='bbox 814 1116 1016 1178; x_wconf 84' lang='lat' dir='ltr'><strong>doctissimis</strong></span> <span class='ocrx_word' id='word_1_28' title='bbox 1044 1136 1124 1178; x_wconf 90' lang='lat' dir='ltr'><strong>sane</strong></span> <span class='ocrx_word' id='word_1_29' title='bbox 1148 1117 1231 1178; x_wconf 89' lang='lat' dir='ltr'><strong>viris</strong></span> <span class='ocrx_word' id='word_1_30' title='bbox 1255 1126 1469 1199; x_wconf 81' lang='lat' dir='ltr'><strong>expromptae</strong></span> 
     </span>
     <span class='ocr_line' id='line_1_5' title="bbox 240 1239 1469 1324; baseline 0.001 -22"><span class='ocrx_word' id='word_1_31' title='bbox 240 1243 470 1304; x_wconf 90' lang='lat' dir='ltr'><strong>acutissimum</strong></span> <span class='ocrx_word' id='word_1_32' title='bbox 504 1242 697 1323; x_wconf 86' lang='lat' dir='ltr'><strong>significant</strong></span> <span class='ocrx_word' id='word_1_33' title='bbox 731 1242 913 1324; x_wconf 88' lang='lat' dir='ltr'><strong>ingenium.</strong></span> <span class='ocrx_word' id='word_1_34' title='bbox 948 1239 1079 1302; x_wconf 86' lang='lat' dir='ltr'><strong>Etenim</strong></span> <span class='ocrx_word' id='word_1_35' title='bbox 1119 1261 1187 1301; x_wconf 89' lang='lat' dir='ltr'><strong>non</strong></span> <span class='ocrx_word' id='word_1_36' title='bbox 1228 1241 1338 1302; x_wconf 89' lang='lat' dir='ltr'><strong>nullos</strong></span> <span class='ocrx_word' id='word_1_37' title='bbox 1377 1242 1469 1304; x_wconf 92' lang='lat' dir='ltr'><strong>locos</strong></span> 
     </span>
     <span class='ocr_line' id='line_1_6' title="bbox 241 1365 1471 1448; baseline -0.001 -20"><span class='ocrx_word' id='word_1_38' title='bbox 241 1367 387 1428; x_wconf 90' lang='lat' dir='ltr'><strong>tenebris</strong></span> <span class='ocrx_word' id='word_1_39' title='bbox 412 1367 564 1428; x_wconf 88' lang='lat' dir='ltr'><strong>obtectos</strong></span> <span class='ocrx_word' id='word_1_40' title='bbox 586 1366 839 1428; x_wconf 87' lang='lat' dir='ltr'><strong>illustraverunt</strong></span> <span class='ocrx_word' id='word_1_41' title='bbox 869 1365 1105 1446; x_wconf 91' lang='lat' dir='ltr'><strong>intricatasque</strong></span> <span class='ocrx_word' id='word_1_42' title='bbox 1137 1368 1347 1446; x_wconf 86' lang='lat' dir='ltr'><strong>quaestiones</strong></span> <span class='ocrx_word' id='word_1_43' title='bbox 1374 1387 1471 1448; x_wconf 86' lang='lat' dir='ltr'><strong>expe·</strong></span> 
     </span>
     <span class='ocr_line' id='line_1_7' title="bbox 240 1490 1470 1572; baseline -0.001 -20"><span class='ocrx_word' id='word_1_44' title='bbox 240 1491 407 1552; x_wconf 89' lang='lat' dir='ltr'><strong>diverunt.</strong></span> <span class='ocrx_word' id='word_1_45' title='bbox 432 1493 589 1552; x_wconf 76' lang='lat' dir='ltr'><strong>Attamen</strong></span> <span class='ocrx_word' id='word_1_46' title='bbox 609 1491 685 1551; x_wconf 90' lang='lat' dir='ltr'><strong>illas</strong></span> <span class='ocrx_word' id='word_1_47' title='bbox 713 1490 968 1572; x_wconf 88' lang='lat' dir='ltr'><strong>argumentandi</strong></span> <span class='ocrx_word' id='word_1_48' title='bbox 992 1491 1064 1551; x_wconf 91' lang='lat' dir='ltr'><strong>vias</strong></span> <span class='ocrx_word' id='word_1_49' title='bbox 1086 1490 1216 1572; x_wconf 83' lang='lat' dir='ltr'><strong>ingredi</strong></span> <span class='ocrx_word' id='word_1_50' title='bbox 1236 1500 1334 1572; x_wconf 86' lang='lat' dir='ltr'><strong>atque</strong></span> <span class='ocrx_word' id='word_1_51' title='bbox 1355 1511 1470 1552; x_wconf 90' lang='lat' dir='ltr'><strong>veram</strong></span> 
     </span>
     <span class='ocr_line' id='line_1_8' title="bbox 241 1616 1469 1698; baseline -0.001 -22"><span class='ocrx_word' id='word_1_52' title='bbox 241 1617 404 1697; x_wconf 83' lang='lat' dir='ltr'><strong>opusculi,</strong></span> <span class='ocrx_word' id='word_1_53' title='bbox 431 1617 587 1678; x_wconf 90' lang='lat' dir='ltr'><strong>continua</strong></span> <span class='ocrx_word' id='word_1_54' title='bbox 622 1617 774 1678; x_wconf 87' lang='lat' dir='ltr'><strong>oratione</strong></span> <span class='ocrx_word' id='word_1_55' title='bbox 808 1617 933 1697; x_wconf 90' lang='lat' dir='ltr'><strong>scripti,</strong></span> <span class='ocrx_word' id='word_1_56' title='bbox 962 1616 1105 1676; x_wconf 88' lang='lat' dir='ltr'><strong>formam</strong></span> <span class='ocrx_word' id='word_1_57' title='bbox 1137 1616 1312 1698; x_wconf 84' lang='lat' dir='ltr'><strong>neglegere</strong></span> <span class='ocrx_word' id='word_1_58' title='bbox 1340 1636 1469 1677; x_wconf 89' lang='lat' dir='ltr'><strong>recuso.</strong></span> 
     </span>
    </p>

    <p class='ocr_par' dir='ltr' id='par_1_4' title="bbox 244 1739 1538 3451">
     <span class='ocr_line' id='line_1_9' title="bbox 301 1739 1470 1823; baseline 0.002 -21"><span class='ocrx_word' id='word_1_59' title='bbox 301 1741 462 1802; x_wconf 86' lang='lat' dir='ltr'><strong>Cobetum</strong></span> <span class='ocrx_word' id='word_1_60' title='bbox 485 1742 620 1823; x_wconf 89' lang='lat' dir='ltr'><strong>ejusque</strong></span> <span class='ocrx_word' id='word_1_61' title='bbox 640 1741 824 1823; x_wconf 89' lang='lat' dir='ltr'><strong>discipulos</strong></span> <span class='ocrx_word' id='word_1_62' title='bbox 847 1743 1044 1822; x_wconf 87' lang='lat' dir='ltr'><strong>interpretes</strong></span> <span class='ocrx_word' id='word_1_63' title='bbox 1064 1741 1200 1822; x_wconf 89' lang='lat' dir='ltr'><strong>quidam</strong></span> <span class='ocrx_word' id='word_1_64' title='bbox 1223 1739 1355 1802; x_wconf 86' lang='lat' dir='ltr'><strong>licentia</strong></span> <span class='ocrx_word' id='word_1_65' title='bbox 1376 1762 1470 1823; x_wconf 86' lang='lat' dir='ltr'><strong>supe-</strong></span> 
     </span>
     <span class='ocr_line' id='line_1_10' title="bbox 244 1864 1538 1947; baseline 0.001 -22"><span class='ocrx_word' id='word_1_66' title='bbox 244 1877 402 1928; x_wconf 89' lang='lat' dir='ltr'><strong>raverunt</strong></span> <span class='ocrx_word' id='word_1_67' title='bbox 425 1887 599 1947; x_wconf 87' lang='lat' dir='ltr'><strong>rerumque</strong></span> <span class='ocrx_word' id='word_1_68' title='bbox 628 1866 782 1926; x_wconf 90' lang='lat' dir='ltr'><strong>ordinem</strong></span> <span class='ocrx_word' id='word_1_69' title='bbox 812 1866 846 1924; x_wconf 95' lang='lat' dir='ltr'><strong>in</strong></span> <span class='ocrx_word' id='word_1_70' title='bbox 879 1864 1050 1925; x_wconf 84' lang='lat' dir='ltr'><strong>codicibus</strong></span> <span class='ocrx_word' id='word_1_71' title='bbox 1074 1865 1232 1930; x_wconf 87' lang='lat' dir='ltr'><strong>traditum</strong></span> <span class='ocrx_word' id='word_1_72' title='bbox 1261 1866 1472 1927; x_wconf 90' lang='lat' dir='ltr'><strong>vehementer</strong></span> <span class='ocrx_word' id='word_1_73' title='bbox 1537 1867 1538 1870; x_wconf 69' lang='grc'>’</span> 
     </span>
     <span class='ocr_line' id='line_1_11' title="bbox 244 1988 1471 2073; baseline 0 -22"><span class='ocrx_word' id='word_1_74' title='bbox 244 1990 491 2073; x_wconf 87' lang='lat' dir='ltr'><strong>discerpserunt</strong></span> <span class='ocrx_word' id='word_1_75' title='bbox 516 2001 615 2072; x_wconf 90' lang='lat' dir='ltr'><strong>atque</strong></span> <span class='ocrx_word' id='word_1_76' title='bbox 635 1989 848 2051; x_wconf 89' lang='lat' dir='ltr'><strong>divellerunt.</strong></span> <span class='ocrx_word' id='word_1_77' title='bbox 877 1988 1103 2050; x_wconf 86' lang='lat' dir='ltr'><strong>Kirchhollius</strong></span> <span class='ocrx_word' id='word_1_78' title='bbox 1127 1990 1139 2051; x_wconf 79' lang='lat' dir='ltr'><strong>l</strong></span> <span class='ocrx_word' id='word_1_79' title='bbox 1144 1991 1174 2069; x_wconf 83' lang='lat'><strong>1)</strong></span> <span class='ocrx_word' id='word_1_80' title='bbox 1203 1991 1291 2051; x_wconf 91' lang='lat' dir='ltr'><strong>enim</strong></span> <span class='ocrx_word' id='word_1_81' title='bbox 1320 1991 1471 2052; x_wconf 91' lang='lat' dir='ltr'><strong>libellum</strong></span> 
     </span>
     <span class='ocr_line' id='line_1_12' title="bbox 244 2114 1471 2196; baseline 0.002 -22"><span class='ocrx_word' id='word_1_82' title='bbox 244 2124 394 2176; x_wconf 89' lang='lat' dir='ltr'><strong>nostrum</strong></span> <span class='ocrx_word' id='word_1_83' title='bbox 432 2137 449 2176; x_wconf 89' lang='lat' dir='ltr'><strong>e</strong></span> <span class='ocrx_word' id='word_1_84' title='bbox 484 2116 588 2176; x_wconf 91' lang='lat' dir='ltr'><strong>multo</strong></span> <span class='ocrx_word' id='word_1_85' title='bbox 626 2115 799 2196; x_wconf 81' lang='lat' dir='ltr'><strong>airrplioris</strong></span> <span class='ocrx_word' id='word_1_86' title='bbox 832 2115 943 2195; x_wconf 89' lang='lat' dir='ltr'><strong>operis</strong></span> <span class='ocrx_word' id='word_1_87' title='bbox 971 2114 1170 2194; x_wconf 81' lang='lat' dir='ltr'><strong>fragmentis</strong></span> <span class='ocrx_word' id='word_1_88' title='bbox 1205 2124 1357 2176; x_wconf 84' lang='lat' dir='ltr'><strong>constare</strong></span> <span class='ocrx_word' id='word_1_89' title='bbox 1386 2116 1471 2176; x_wconf 86' lang='lat' dir='ltr'><strong>exis·</strong></span> 
     </span>
     <span class='ocr_line' id='line_1_13' title="bbox 245 2238 1472 2320; baseline 0 -19"><span class='ocrx_word' id='word_1_90' title='bbox 245 2242 349 2304; x_wconf 88' lang='lat' dir='ltr'><strong>timat.</strong></span> <span class='ocrx_word' id='word_1_91' title='bbox 388 2241 553 2302; x_wconf 87' lang='lat' dir='ltr'><strong>Volumen</strong></span> <span class='ocrx_word' id='word_1_92' title='bbox 586 2249 706 2310; x_wconf 89' lang='lat' dir='ltr'><strong>autem,</strong></span> <span class='ocrx_word' id='word_1_93' title='bbox 744 2240 778 2300; x_wconf 93' lang='lat' dir='ltr'><strong>in</strong></span> <span class='ocrx_word' id='word_1_94' title='bbox 805 2259 871 2320; x_wconf 91' lang='lat' dir='ltr'><strong>quo</strong></span> <span class='ocrx_word' id='word_1_95' title='bbox 904 2249 1001 2300; x_wconf 84' lang='lat' dir='ltr'><strong>vetus</strong></span> <span class='ocrx_word' id='word_1_96' title='bbox 1042 2238 1101 2299; x_wconf 90' lang='lat' dir='ltr'><strong>illa</strong></span> <span class='ocrx_word' id='word_1_97' title='bbox 1133 2241 1368 2301; x_wconf 86' lang='lat' dir='ltr'><strong>commentatio</strong></span> <span class='ocrx_word' id='word_1_98' title='bbox 1400 2241 1472 2302; x_wconf 91' lang='lat' dir='ltr'><strong>des-</strong></span> 
     </span>
     <span class='ocr_line' id='line_1_14' title="bbox 245 2364 1471 2448; baseline 0 -21"><span class='ocrx_word' id='word_1_99' title='bbox 245 2367 350 2448; x_wconf 89' lang='lat' dir='ltr'><strong>cripta</strong></span> <span class='ocrx_word' id='word_1_100' title='bbox 369 2375 467 2438; x_wconf 84' lang='lat' dir='ltr'><strong>esset,</strong></span> <span class='ocrx_word' id='word_1_101' title='bbox 484 2387 567 2426; x_wconf 90' lang='lat' dir='ltr'><strong>casu</strong></span> <span class='ocrx_word' id='word_1_102' title='bbox 588 2365 733 2446; x_wconf 85' lang='lat' dir='ltr'><strong>quodam</strong></span> <span class='ocrx_word' id='word_1_103' title='bbox 753 2366 799 2425; x_wconf 87' lang='lat' dir='ltr'><strong>ita</strong></span> <span class='ocrx_word' id='word_1_104' title='bbox 816 2365 997 2425; x_wconf 88' lang='lat' dir='ltr'><strong>laceratum</strong></span> <span class='ocrx_word' id='word_1_105' title='bbox 1018 2364 1124 2425; x_wconf 88' lang='lat' dir='ltr'><strong>fuisse</strong></span> <span class='ocrx_word' id='word_1_106' title='bbox 1144 2365 1244 2435; x_wconf 90' lang='lat' dir='ltr'><strong>ducit,</strong></span> <span class='ocrx_word' id='word_1_107' title='bbox 1269 2375 1306 2426; x_wconf 89' lang='lat' dir='ltr'><strong>ut</strong></span> <span class='ocrx_word' id='word_1_108' title='bbox 1326 2367 1471 2446; x_wconf 92' lang='lat' dir='ltr'><strong>quinque</strong></span> 
     </span>
     <span class='ocr_line' id='line_1_15' title="bbox 246 2488 1472 2572; baseline -0.001 -20"><span class='ocrx_word' id='word_1_109' title='bbox 246 2500 277 2552; x_wconf 90' lang='lat' dir='ltr'><strong>et</strong></span> <span class='ocrx_word' id='word_1_110' title='bbox 309 2491 431 2572; x_wconf 91' lang='lat' dir='ltr'><strong>viginti</strong></span> <span class='ocrx_word' id='word_1_111' title='bbox 467 2491 713 2572; x_wconf 80' lang='lat' dir='ltr'><strong>particularum,</strong></span> <span class='ocrx_word' id='word_1_112' title='bbox 743 2511 783 2550; x_wconf 87' lang='lat' dir='ltr'><strong>ex</strong></span> <span class='ocrx_word' id='word_1_113' title='bbox 809 2488 931 2570; x_wconf 92' lang='lat' dir='ltr'><strong>quibus</strong></span> <span class='ocrx_word' id='word_1_114' title='bbox 967 2510 1050 2570; x_wconf 90' lang='lat' dir='ltr'><strong>opus</strong></span> <span class='ocrx_word' id='word_1_115' title='bbox 1081 2500 1258 2561; x_wconf 89' lang='lat' dir='ltr'><strong>constaret,</strong></span> <span class='ocrx_word' id='word_1_116' title='bbox 1286 2511 1343 2550; x_wconf 86' lang='lat' dir='ltr'><strong>sex</strong></span> <span class='ocrx_word' id='word_1_117' title='bbox 1372 2491 1472 2553; x_wconf 90' lang='lat' dir='ltr'><strong>inter-</strong></span> 
     </span>
     <span class='ocr_line' id='line_1_16' title="bbox 246 2615 1469 2696; baseline 0.002 -20"><span class='ocrx_word' id='word_1_118' title='bbox 246 2617 397 2685; x_wconf 87' lang='lat' dir='ltr'><strong>ciderint,</strong></span> <span class='ocrx_word' id='word_1_119' title='bbox 438 2617 650 2696; x_wconf 89' lang='lat' dir='ltr'><strong>undeviginti</strong></span> <span class='ocrx_word' id='word_1_120' title='bbox 688 2625 797 2676; x_wconf 86' lang='lat' dir='ltr'><strong>autem</strong></span> <span class='ocrx_word' id='word_1_121' title='bbox 834 2615 899 2675; x_wconf 89' lang='lat' dir='ltr'><strong>sint</strong></span> <span class='ocrx_word' id='word_1_122' title='bbox 936 2625 1086 2676; x_wconf 89' lang='lat' dir='ltr'><strong>servatae</strong></span> <span class='ocrx_word' id='word_1_123' title='bbox 1117 2615 1281 2696; x_wconf 89' lang='lat' dir='ltr'><strong>nobisque</strong></span> <span class='ocrx_word' id='word_1_124' title='bbox 1317 2618 1469 2679; x_wconf 86' lang='lat' dir='ltr'><strong>traditae.</strong></span> 
     </span>
     <span class='ocr_line' id='line_1_17' title="bbox 246 2740 1472 2824; baseline 0.003 -24"><span class='ocrx_word' id='word_1_125' title='bbox 246 2741 376 2802; x_wconf 90' lang='lat' dir='ltr'><strong>Deinde</strong></span> <span class='ocrx_word' id='word_1_126' title='bbox 415 2743 667 2823; x_wconf 89' lang='lat' dir='ltr'><strong>grammaticum</strong></span> <span class='ocrx_word' id='word_1_127' title='bbox 701 2741 889 2822; x_wconf 85' lang='lat' dir='ltr'><strong>quemdam,</strong></span> <span class='ocrx_word' id='word_1_128' title='bbox 927 2740 1014 2800; x_wconf 87' lang='lat' dir='ltr'><strong>mala</strong></span> <span class='ocrx_word' id='word_1_129' title='bbox 1044 2741 1178 2821; x_wconf 90' lang='lat' dir='ltr'><strong>quidem</strong></span> <span class='ocrx_word' id='word_1_130' title='bbox 1208 2741 1373 2803; x_wconf 89' lang='lat' dir='ltr'><strong>industria</strong></span> <span class='ocrx_word' id='word_1_131' title='bbox 1401 2763 1472 2824; x_wconf 90' lang='lat' dir='ltr'><strong>per-</strong></span> 
     </span>
     <span class='ocr_line' id='line_1_18' title="bbox 246 2863 1473 2949; baseline 0 -21"><span class='ocrx_word' id='word_1_132' title='bbox 246 2888 409 2948; x_wconf 89' lang='lat' dir='ltr'><strong>versaque</strong></span> <span class='ocrx_word' id='word_1_133' title='bbox 436 2865 592 2928; x_wconf 84' lang='lat' dir='ltr'><strong>foliorum</strong></span> <span class='ocrx_word' id='word_1_134' title='bbox 622 2868 721 2943; x_wconf 70' lang='lat' dir='ltr'><strong>serie,</strong></span> <span class='ocrx_word' id='word_1_135' title='bbox 748 2867 784 2926; x_wconf 89' lang='lat' dir='ltr'><strong>in</strong></span> <span class='ocrx_word' id='word_1_136' title='bbox 810 2885 885 2926; x_wconf 88' lang='lat' dir='ltr'><strong>cum</strong></span> <span class='ocrx_word' id='word_1_137' title='bbox 914 2863 1076 2936; x_wconf 90' lang='lat' dir='ltr'><strong>ordinem,</strong></span> <span class='ocrx_word' id='word_1_138' title='bbox 1108 2885 1173 2946; x_wconf 91' lang='lat' dir='ltr'><strong>quo</strong></span> <span class='ocrx_word' id='word_1_139' title='bbox 1201 2887 1289 2927; x_wconf 88' lang='lat' dir='ltr'><strong>nunc</strong></span> <span class='ocrx_word' id='word_1_140' title='bbox 1318 2868 1473 2949; x_wconf 85' lang='lat' dir='ltr'><strong>legantur</strong></span> 
     </span>
     <span class='ocr_line' id='line_1_19' title="bbox 246 2990 1469 3073; baseline 0.002 -21"><span class='ocrx_word' id='word_1_141' title='bbox 246 2994 425 3073; x_wconf 90' lang='lat' dir='ltr'><strong>multisque</strong></span> <span class='ocrx_word' id='word_1_142' title='bbox 453 2994 488 3052; x_wconf 87' lang='lat' dir='ltr'><strong>in</strong></span> <span class='ocrx_word' id='word_1_143' title='bbox 516 2993 597 3053; x_wconf 89' lang='lat' dir='ltr'><strong>locis</strong></span> <span class='ocrx_word' id='word_1_144' title='bbox 631 2990 798 3073; x_wconf 89' lang='lat' dir='ltr'><strong>probabili</strong></span> <span class='ocrx_word' id='word_1_145' title='bbox 833 2991 1070 3051; x_wconf 88' lang='lat' dir='ltr'><strong>sententiarum</strong></span> <span class='ocrx_word' id='word_1_146' title='bbox 1104 2991 1259 3071; x_wconf 86' lang='lat' dir='ltr'><strong>junctura</strong></span> <span class='ocrx_word' id='word_1_147' title='bbox 1291 3003 1469 3065; x_wconf 82' lang='lat' dir='ltr'><strong>carentem,</strong></span> 
     </span>
     <span class='ocr_line' id='line_1_20' title="bbox 247 3116 1471 3202; baseline -0.001 -22"><span class='ocrx_word' id='word_1_148' title='bbox 247 3120 425 3201; x_wconf 90' lang='lat' dir='ltr'><strong>particulas</strong></span> <span class='ocrx_word' id='word_1_149' title='bbox 461 3119 537 3178; x_wconf 88' lang='lat' dir='ltr'><strong>illas</strong></span> <span class='ocrx_word' id='word_1_150' title='bbox 570 3117 753 3198; x_wconf 81' lang='lat' dir='ltr'><strong>redegisse</strong></span> <span class='ocrx_word' id='word_1_151' title='bbox 776 3116 848 3176; x_wconf 92' lang='lat' dir='ltr'><strong>veri</strong></span> <span class='ocrx_word' id='word_1_152' title='bbox 884 3116 1092 3176; x_wconf 89' lang='lat' dir='ltr'><strong>simillimum</strong></span> <span class='ocrx_word' id='word_1_153' title='bbox 1129 3136 1201 3177; x_wconf 91' lang='lat' dir='ltr'><strong>esse</strong></span> <span class='ocrx_word' id='word_1_154' title='bbox 1233 3127 1336 3198; x_wconf 90' lang='lat' dir='ltr'><strong>putat.</strong></span> <span class='ocrx_word' id='word_1_155' title='bbox 1372 3119 1471 3202; x_wconf 84' lang='lat' dir='ltr'><strong>Frag-</strong></span> 
     </span>
     <span class='ocr_line' id='line_1_21' title="bbox 246 3241 1473 3324; baseline 0 -20"><span class='ocrx_word' id='word_1_156' title='bbox 246 3253 357 3305; x_wconf 91' lang='lat' dir='ltr'><strong>menta</strong></span> <span class='ocrx_word' id='word_1_157' title='bbox 378 3264 462 3324; x_wconf 85' lang='lat' dir='ltr'><strong>quae</strong></span> <span class='ocrx_word' id='word_1_158' title='bbox 482 3252 660 3324; x_wconf 86' lang='lat' dir='ltr'><strong>supersunt</strong></span> <span class='ocrx_word' id='word_1_159' title='bbox 680 3241 906 3302; x_wconf 89' lang='lat' dir='ltr'><strong>Kirchhollius</strong></span> <span class='ocrx_word' id='word_1_160' title='bbox 924 3260 1049 3300; x_wconf 90' lang='lat' dir='ltr'><strong>novum</strong></span> <span class='ocrx_word' id='word_1_161' title='bbox 1070 3241 1105 3301; x_wconf 92' lang='lat' dir='ltr'><strong>in</strong></span> <span class='ocrx_word' id='word_1_162' title='bbox 1127 3241 1278 3302; x_wconf 91' lang='lat' dir='ltr'><strong>ordinem</strong></span> <span class='ocrx_word' id='word_1_163' title='bbox 1302 3242 1473 3304; x_wconf 89' lang='lat' dir='ltr'><strong>distribuit</strong></span> 
     </span>
     <span class='ocr_line' id='line_1_22' title="bbox 246 3359 1263 3451; baseline -0.004 -21"><span class='ocrx_word' id='word_1_164' title='bbox 246 3379 279 3430; x_wconf 88' lang='lat' dir='ltr'><strong>et</strong></span> <span class='ocrx_word' id='word_1_165' title='bbox 299 3370 447 3451; x_wconf 91' lang='lat' dir='ltr'><strong>priscum</strong></span> <span class='ocrx_word' id='word_1_166' title='bbox 471 3387 582 3428; x_wconf 86' lang='lat' dir='ltr'><strong>rerum</strong></span> <span class='ocrx_word' id='word_1_167' title='bbox 606 3375 796 3427; x_wconf 87' lang='lat' dir='ltr'><strong>contextum</strong></span> <span class='ocrx_word' id='word_1_168' title='bbox 825 3364 888 3425; x_wconf 91' lang='lat' dir='ltr'><strong>sibi</strong></span> <span class='ocrx_word' id='word_1_169' title='bbox 912 3359 1094 3425; x_wconf 80' lang='lat' dir='ltr'><strong>restituisse</strong></span> <span class='ocrx_word' id='word_1_170' title='bbox 1118 3366 1263 3426; x_wconf 90' lang='lat' dir='ltr'><strong>videtur.</strong></span> 
     </span>
    </p>

    <p class='ocr_par' dir='ltr' id='par_1_5' title="bbox 246 3490 1544 3806">
     <span class='ocr_line' id='line_1_23' title="bbox 306 3490 1472 3575; baseline 0 -21"><span class='ocrx_word' id='word_1_171' title='bbox 306 3493 397 3573; x_wconf 89' lang='lat' dir='ltr'><strong>Quas</strong></span> <span class='ocrx_word' id='word_1_172' title='bbox 421 3495 455 3554; x_wconf 88' lang='lat' dir='ltr'><strong>in</strong></span> <span class='ocrx_word' id='word_1_173' title='bbox 476 3503 588 3575; x_wconf 86' lang='lat' dir='ltr'><strong>partes</strong></span> <span class='ocrx_word' id='word_1_174' title='bbox 613 3491 837 3552; x_wconf 84' lang='lat' dir='ltr'><strong>Kirchhoilius</strong></span> <span class='ocrx_word' id='word_1_175' title='bbox 865 3490 1061 3571; x_wconf 89' lang='lat' dir='ltr'><strong>opusculum</strong></span> <span class='ocrx_word' id='word_1_176' title='bbox 1086 3490 1127 3550; x_wconf 90' lang='lat' dir='ltr'><strong>de</strong></span> <span class='ocrx_word' id='word_1_177' title='bbox 1152 3490 1343 3572; x_wconf 89' lang='lat' dir='ltr'><strong>republica</strong></span> <span class='ocrx_word' id='word_1_178' title='bbox 1369 3493 1472 3556; x_wconf 86' lang='lat' dir='ltr'><strong>Athe·</strong></span> 
     </span>
     <span class='ocr_line' id='line_1_24' title="bbox 246 3615 1544 3696; baseline -0.001 -16"><span class='ocrx_word' id='word_1_179' title='bbox 246 3621 412 3681; x_wconf 89' lang='lat' dir='ltr'><strong>niensium</strong></span> <span class='ocrx_word' id='word_1_180' title='bbox 438 3619 591 3679; x_wconf 86' lang='lat' dir='ltr'><strong>diviserit</strong></span> <span class='ocrx_word' id='word_1_181' title='bbox 614 3627 647 3677; x_wconf 91' lang='lat' dir='ltr'><strong>et</strong></span> <span class='ocrx_word' id='word_1_182' title='bbox 671 3637 769 3696; x_wconf 90' lang='lat' dir='ltr'><strong>quem</strong></span> <span class='ocrx_word' id='word_1_183' title='bbox 793 3617 827 3676; x_wconf 89' lang='lat' dir='ltr'><strong>in</strong></span> <span class='ocrx_word' id='word_1_184' title='bbox 849 3616 1002 3676; x_wconf 85' lang='lat' dir='ltr'><strong>ordinem</strong></span> <span class='ocrx_word' id='word_1_185' title='bbox 1024 3615 1241 3686; x_wconf 89' lang='lat' dir='ltr'><strong>distribuerit,</strong></span> <span class='ocrx_word' id='word_1_186' title='bbox 1268 3616 1414 3678; x_wconf 91' lang='lat' dir='ltr'><strong>breviter</strong></span> <span class='ocrx_word' id='word_1_187' title='bbox 1433 3640 1471 3679; x_wconf 90' lang='lat' dir='ltr'><strong>ac</strong></span> <span class='ocrx_word' id='word_1_188' title='bbox 1542 3637 1544 3642; x_wconf 79' lang='grc'>’</span> 
     </span>
     <span class='ocr_line' id='line_1_25' title="bbox 249 3743 649 3806; baseline -0.01 0"><span class='ocrx_word' id='word_1_189' title='bbox 249 3746 440 3806; x_wconf 89' lang='lat' dir='ltr'><strong>summatim</strong></span> <span class='ocrx_word' id='word_1_190' title='bbox 465 3743 649 3804; x_wconf 89' lang='lat' dir='ltr'><strong>ostendam.</strong></span> 
     </span>
    </p>

    <p class='ocr_par' dir='ltr' id='par_1_6' title="bbox 246 3867 1474 4698">
     <span class='ocr_line' id='line_1_26' title="bbox 307 3867 1473 3950; baseline 0 -21"><span class='ocrx_word' id='word_1_191' title='bbox 307 3869 502 3940; x_wconf 67' lang='lat' dir='ltr'><strong>Particulas</strong></span> <span class='ocrx_word' id='word_1_192' title='bbox 533 3867 654 3948; x_wconf 93' lang='lat' dir='ltr'><strong>quibus</strong></span> <span class='ocrx_word' id='word_1_193' title='bbox 693 3887 776 3948; x_wconf 89' lang='lat' dir='ltr'><strong>opus</strong></span> <span class='ocrx_word' id='word_1_194' title='bbox 813 3867 1020 3927; x_wconf 87' lang='lat' dir='ltr'><strong>decurtatum</strong></span> <span class='ocrx_word' id='word_1_195' title='bbox 1051 3886 1124 3928; x_wconf 90' lang='lat' dir='ltr'><strong>esse</strong></span> <span class='ocrx_word' id='word_1_196' title='bbox 1152 3875 1274 3939; x_wconf 88' lang='lat' dir='ltr'><strong>censet,</strong></span> <span class='ocrx_word' id='word_1_197' title='bbox 1303 3877 1379 3950; x_wconf 91' lang='lat' dir='ltr'><strong>post</strong></span> <span class='ocrx_word' id='word_1_198' title='bbox 1415 3875 1473 3929; x_wconf 86' lang='lat' dir='ltr'><strong>ter-</strong></span> 
     </span>
     <span class='ocr_line' id='line_1_27' title="bbox 249 3989 1469 4076; baseline -0.002 -20"><span class='ocrx_word' id='word_1_199' title='bbox 249 3995 341 4071; x_wconf 86' lang='lat' dir='ltr'><strong>tiam,</strong></span> <span class='ocrx_word' id='word_1_200' title='bbox 369 3994 532 4076; x_wconf 79' lang='lat' dir='ltr'><strong>quintam,</strong></span> <span class='ocrx_word' id='word_1_201' title='bbox 563 3998 725 4066; x_wconf 77' lang='lat' dir='ltr'><strong>octavam,</strong></span> <span class='ocrx_word' id='word_1_202' title='bbox 757 3989 1106 4071; x_wconf 85' lang='lat' dir='ltr'><strong>quintamdecimam,</strong></span> <span class='ocrx_word' id='word_1_203' title='bbox 1138 3995 1269 4052; x_wconf 84' lang='lat' dir='ltr'><strong>sextam</strong></span> <span class='ocrx_word' id='word_1_204' title='bbox 1300 3991 1469 4063; x_wconf 85' lang='lat' dir='ltr'><strong>decimam,</strong></span> 
     </span>
     <span class='ocr_line' id='line_1_28' title="bbox 246 4115 1472 4197; baseline -0.005 -15"><span class='ocrx_word' id='word_1_205' title='bbox 246 4118 542 4182; x_wconf 70' lang='lat' dir='ltr'><strong>duodevicesimam</strong></span> <span class='ocrx_word' id='word_1_206' title='bbox 584 4115 793 4178; x_wconf 89' lang='lat' dir='ltr'><strong>intercidisse</strong></span> <span class='ocrx_word' id='word_1_207' title='bbox 833 4123 939 4197; x_wconf 87' lang='lat' dir='ltr'><strong>putat.</strong></span> <span class='ocrx_word' id='word_1_208' title='bbox 986 4115 1200 4196; x_wconf 78' lang='lat' dir='ltr'><strong>Undeviginti</strong></span> <span class='ocrx_word' id='word_1_209' title='bbox 1237 4116 1340 4196; x_wconf 88' lang='lat' dir='ltr'><strong>igitur</strong></span> <span class='ocrx_word' id='word_1_210' title='bbox 1371 4117 1472 4196; x_wconf 91' lang='lat' dir='ltr'><strong>parti-</strong></span> 
     </span>
     <span class='ocr_line' id='line_1_29' title="bbox 248 4240 1474 4324; baseline -0.003 -19"><span class='ocrx_word' id='word_1_211' title='bbox 248 4244 340 4305; x_wconf 89' lang='lat' dir='ltr'><strong>culae</strong></span> <span class='ocrx_word' id='word_1_212' title='bbox 377 4250 564 4324; x_wconf 91' lang='lat' dir='ltr'><strong>supersunt.</strong></span> <span class='ocrx_word' id='word_1_213' title='bbox 603 4240 719 4303; x_wconf 86' lang='lat' dir='ltr'><strong>Prima</strong></span> <span class='ocrx_word' id='word_1_214' title='bbox 757 4240 987 4322; x_wconf 90' lang='lat' dir='ltr'><strong>complectitur</strong></span> <span class='ocrx_word' id='word_1_215' title='bbox 1028 4240 1128 4321; x_wconf 93' lang='lat' dir='ltr'><strong>primi</strong></span> <span class='ocrx_word' id='word_1_216' title='bbox 1165 4240 1281 4321; x_wconf 89' lang='lat' dir='ltr'><strong>capitis</strong></span> <span class='ocrx_word' id='word_1_217' title='bbox 1320 4260 1474 4321; x_wconf 84' lang='lat' dir='ltr'><strong>paragra-</strong></span> 
     </span>
     <span class='ocr_line' id='line_1_30' title="bbox 248 4365 1471 4452; baseline -0.003 -22"><span class='ocrx_word' id='word_1_218' title='bbox 248 4370 333 4451; x_wconf 85' lang='lat' dir='ltr'><strong>phos</strong></span> <span class='ocrx_word' id='word_1_219' title='bbox 356 4389 383 4438; x_wconf 92' lang='lat'><strong>1,</strong></span> <span class='ocrx_word' id='word_1_220' title='bbox 407 4388 425 4428; x_wconf 72' lang='lat'>2</span> <span class='ocrx_word' id='word_1_221' title='bbox 447 4377 480 4428; x_wconf 83' lang='lat' dir='ltr'><strong>et</strong></span> <span class='ocrx_word' id='word_1_222' title='bbox 509 4367 528 4428; x_wconf 81' lang='lat'><strong>3</strong></span> <span class='ocrx_word' id='word_1_223' title='bbox 559 4369 639 4452; x_wconf 66' lang='grc' dir='ltr'>(Περὶ</span> <span class='ocrx_word' id='word_1_224' title='bbox 664 4369 692 4425; x_wconf 80' lang='grc' dir='ltr'><strong>δὲ</strong></span> <span class='ocrx_word' id='word_1_225' title='bbox 721 4375 772 4441; x_wconf 74' lang='grc' dir='ltr'><strong>τῆς</strong></span> <span class='ocrx_word' id='word_1_226' title='bbox 807 4365 967 4441; x_wconf 83' lang='grc' dir='ltr'>Ἀθηναίων</span> <span class='ocrx_word' id='word_1_227' title='bbox 993 4369 1133 4432; x_wconf 84' lang='grc' dir='ltr'>πολιτείας</span> <span class='ocrx_word' id='word_1_228' title='bbox 1155 4400 1191 4410; x_wconf 92' lang='lat'>-</span> <span class='ocrx_word' id='word_1_229' title='bbox 1212 4371 1314 4433; x_wconf 79' lang='grc' dir='ltr'>ταύτας</span> <span class='ocrx_word' id='word_1_230' title='bbox 1349 4370 1429 4443; x_wconf 75' lang='grc' dir='ltr'><strong>ζητεῖ</strong></span> <span class='ocrx_word' id='word_1_231' title='bbox 1458 4375 1471 4426; x_wconf 69' lang='grc' dir='ltr'>ὁ</span> 
     </span>
     <span class='ocr_line' id='line_1_31' title="bbox 249 4490 1472 4576; baseline -0.002 -23"><span class='ocrx_word' id='word_1_232' title='bbox 249 4497 337 4575; x_wconf 76' lang='grc' dir='ltr'>δῆμος</span> <span class='ocrx_word' id='word_1_233' title='bbox 369 4493 497 4576; x_wconf 70' lang='grc' dir='ltr'><strong>ἄρχειν);</strong></span> <span class='ocrx_word' id='word_1_234' title='bbox 530 4528 566 4536; x_wconf 94' lang='grc'>-</span> <span class='ocrx_word' id='word_1_235' title='bbox 599 4490 746 4552; x_wconf 84' lang='lat' dir='ltr'><strong>secundo</strong></span> <span class='ocrx_word' id='word_1_236' title='bbox 781 4490 869 4550; x_wconf 85' lang='lat' dir='ltr'><strong>tertii</strong></span> <span class='ocrx_word' id='word_1_237' title='bbox 902 4490 1020 4570; x_wconf 86' lang='lat' dir='ltr'><strong>capitis</strong></span> <span class='ocrx_word' id='word_1_238' title='bbox 1050 4490 1274 4570; x_wconf 86' lang='lat' dir='ltr'><strong>paragraphos</strong></span> <span class='ocrx_word' id='word_1_239' title='bbox 1310 4509 1346 4550; x_wconf 83' lang='lat'><strong>12</strong></span> <span class='ocrx_word' id='word_1_240' title='bbox 1372 4500 1406 4552; x_wconf 92' lang='lat' dir='ltr'><strong>et</strong></span> <span class='ocrx_word' id='word_1_241' title='bbox 1436 4491 1472 4551; x_wconf 88' lang='lat'><strong>13</strong></span> 
     </span>
     <span class='ocr_line' id='line_1_32' title="bbox 248 4612 1474 4698; baseline -0.002 -20"><span class='ocrx_word' id='word_1_242' title='bbox 248 4617 423 4698; x_wconf 69' lang='grc' dir='ltr'>(Ὑπολάὸοι</span> <span class='ocrx_word' id='word_1_243' title='bbox 453 4619 483 4677; x_wconf 81' lang='grc' dir='ltr'><strong>δέ</strong></span> <span class='ocrx_word' id='word_1_244' title='bbox 501 4641 542 4684; x_wconf 82' lang='grc' dir='ltr'><strong>τις</strong></span> <span class='ocrx_word' id='word_1_245' title='bbox 561 4618 593 4676; x_wconf 81' lang='grc' dir='ltr'><strong>ἄν</strong></span> <span class='ocrx_word' id='word_1_246' title='bbox 617 4651 656 4662; x_wconf 91' lang='grc'>-</span> <span class='ocrx_word' id='word_1_247' title='bbox 678 4613 731 4675; x_wconf 73' lang='grc' dir='ltr'><strong>ἀπὸ</strong></span> <span class='ocrx_word' id='word_1_248' title='bbox 757 4625 814 4674; x_wconf 84' lang='grc' dir='ltr'><strong>τῶν</strong></span> <span class='ocrx_word' id='word_1_249' title='bbox 838 4612 945 4695; x_wconf 73' lang='grc' dir='ltr'>ἀτίμων</span> <span class='ocrx_word' id='word_1_250' title='bbox 979 4613 1168 4693; x_wconf 78' lang='grc' dir='ltr'><strong>Ἀθήνησιν);</strong></span> <span class='ocrx_word' id='word_1_251' title='bbox 1194 4650 1233 4659; x_wconf 91' lang='grc'>-</span> <span class='ocrx_word' id='word_1_252' title='bbox 1254 4615 1352 4676; x_wconf 73' lang='lat' dir='ltr'><strong>teriia</strong></span> <span class='ocrx_word' id='word_1_253' title='bbox 1374 4615 1474 4698; x_wconf 78' lang='lat' dir='ltr'><strong>primi</strong></span> 
     </span>
    </p>
   </div>
   <div class='ocr_carea' id='block_1_3' title="bbox 250 4799 1474 4943">
    <p class='ocr_par' dir='ltr' id='par_1_7' title="bbox 250 4799 1474 4943">
     <span class='ocr_line' id='line_1_33' title="bbox 294 4799 1474 4869; baseline -0.003 -15"><span class='ocrx_word' id='word_1_254' title='bbox 294 4807 336 4869; x_wconf 86' lang='lat'><strong>(1)</strong></span> <span class='ocrx_word' id='word_1_255' title='bbox 350 4803 543 4853; x_wconf 81' lang='lat' dir='ltr'><strong>Kincnuormr</strong></span> <span class='ocrx_word' id='word_1_256' title='bbox 558 4800 730 4866; x_wconf 91' lang='lat' dir='ltr'><strong>opusculum</strong></span> <span class='ocrx_word' id='word_1_257' title='bbox 744 4799 832 4850; x_wconf 89' lang='lat' dir='ltr'><strong>laudo</strong></span> <span class='ocrx_word' id='word_1_258' title='bbox 845 4801 924 4864; x_wconf 92' lang='lat' dir='ltr'><strong>quod</strong></span> <span class='ocrx_word' id='word_1_259' title='bbox 938 4800 1113 4864; x_wconf 86' lang='lat' dir='ltr'><strong>inscriptum</strong></span> <span class='ocrx_word' id='word_1_260' title='bbox 1125 4805 1188 4849; x_wconf 84' lang='lat' dir='ltr'><strong>est:</strong></span> <span class='ocrx_word' id='word_1_261' title='bbox 1205 4799 1296 4850; x_wconf 81' lang='lat' dir='ltr'><strong>Ueber</strong></span> <span class='ocrx_word' id='word_1_262' title='bbox 1307 4799 1352 4850; x_wconf 80' lang='lat' dir='ltr'><strong>dic</strong></span> <span class='ocrx_word' id='word_1_263' title='bbox 1364 4801 1474 4863; x_wconf 80' lang='lat' dir='ltr'><strong>Schrilt</strong></span> 
     </span>
     <span class='ocr_line' id='line_1_34' title="bbox 250 4880 959 4943; baseline -0.008 -9"><span class='ocrx_word' id='word_1_264' title='bbox 250 4899 303 4935; x_wconf 81' lang='lat' dir='ltr'><strong>con</strong></span> <span class='ocrx_word' id='word_1_265' title='bbox 315 4885 413 4936; x_wconf 77' lang='lat' dir='ltr'><strong>Staatc</strong></span> <span class='ocrx_word' id='word_1_266' title='bbox 425 4883 476 4933; x_wconf 86' lang='lat' dir='ltr'><strong>der</strong></span> <span class='ocrx_word' id='word_1_267' title='bbox 488 4883 615 4932; x_wconf 82' lang='lat' dir='ltr'><strong>Athener</strong></span> <span class='ocrx_word' id='word_1_268' title='bbox 626 4880 777 4943; x_wconf 78' lang='lat' dir='ltr'><strong>(Ber-clini,</strong></span> <span class='ocrx_word' id='word_1_269' title='bbox 787 4894 864 4929; x_wconf 86' lang='lat' dir='ltr'><strong>anno</strong></span> <span class='ocrx_word' id='word_1_270' title='bbox 877 4880 959 4942; x_wconf 72' lang='lat'><strong>1874).</strong></span> 
     </span>
    </p>
   </div>
   <div class='ocr_carea' id='block_1_4' title="bbox 0 0 1877 5912">
    <p class='ocr_par' dir='ltr' id='par_1_8' title="bbox 0 0 1877 5912">
     <span class='ocr_line' id='line_1_35' title="bbox 0 0 1877 5912; baseline 0 0"><span class='ocrx_word' id='word_1_271' title='bbox 0 0 1877 5912; x_wconf 95' lang='lat' dir='ltr'><strong> </strong></span> 
     </span>
    </p>
   </div>
  </div>
 </body>
</html>
