3720 5912
399 623 436 663 Ἠ
740 623 781 663 illi
803 622 931 664 truanni
954 623 1067 664 ronuta
1095 623 1293 665 utst’tttmo

398 798 518 861 catum,
543 791 694 872 pertinet,
722 810 790 851 non
817 789 990 871 particulis
1015 815 1102 856 τε...
1124 796 1181 864 καί,
1209 792 1270 853 sed
1297 793 1370 854 sola
1396 793 1558 876 particula
1582 799 1630 855 καί

398 915 543 998 scriptor
569 915 749 998 copulavit,
776 915 821 974 ita
855 924 892 976 ut
923 916 965 976 sit
998 915 1209 996 probabilius
1243 937 1318 978 eum
1350 927 1524 1000 utramque
1555 939 1627 979 rem

397 1040 510 1101 verbis
539 1045 719 1122 διασῴζονται
741 1041 793 1118 τήν
821 1043 964 1100 πολιτείαν
990 1048 1024 1100 et
1050 1042 1141 1101 τᾶλλα
1171 1043 1387 1124 διαπράττονται
1407 1042 1626 1123 significatam

396 1167 600 1246 conjunctim
623 1185 722 1247 quam
747 1165 924 1247 separatim
952 1173 1093 1226 tractare
1116 1167 1317 1228 decrevisse.
1344 1165 1458 1248 Neque
1486 1166 1626 1228 verbum

395 1291 487 1351 τᾶλλα
518 1291 622 1352 verbo
658 1294 801 1352 πολιτείαν
837 1292 996 1373 opposuit
1034 1292 1103 1352 κατ’
1137 1292 1292 1364 irrideam
1330 1293 1390 1354 sed
1418 1311 1488 1352 rem
1513 1291 1627 1353 verbis

396 1415 487 1474 τᾶλλα
523 1416 738 1498 διαπράττεσθαι
772 1415 982 1497 designatam
1023 1416 1184 1496 consequi
1222 1425 1361 1498 apparet
1401 1436 1473 1477 rem
1512 1415 1627 1477 verbis

397 1541 580 1620 διασῴζεσθαι
605 1529 669 1618 ’τὴν
705 1543 848 1600 πολιτείαν
878 1539 1111 1621 significatam.
1141 1538 1227 1600 Nam
1263 1541 1299 1601 in
1326 1539 1445 1602 ceteris
1474 1539 1627 1622 opusculi

397 1663 558 1746 partibus
584 1665 727 1746 scriptor
752 1685 823 1727 rem
857 1673 1031 1746 utramque
1065 1666 1245 1726 connexuit
1276 1673 1375 1746 atque
1408 1666 1627 1746 exprompsit.

399 1791 444 1850 Ut
468 1809 535 1850 uno
558 1798 590 1850 et
612 1789 715 1850 altero
739 1799 814 1851 utar
837 1792 1002 1872 exemplo,
1030 1791 1067 1850 in
1090 1791 1188 1872 capit.
1214 1789 1230 1850 1
1254 1809 1326 1872 par.
1352 1789 1382 1867 4,
1407 1790 1495 1850 hunc
1517 1771 1628 1850 locum

395 1915 548 1975 invenias
564 1937 571 1975 ε
590 1915 712 1976 Ἔπειτα
728 1919 758 1975 δὲ
779 1918 875 1976 dirior
895 1917 1081 1996 θαυμάζουσιν
1096 1918 1137 1977 ὅτι
1160 1923 1306 1999 πανταχοῦ
1330 1917 1415 1975 πλέον
1436 1918 1549 1996 νέμουσι
1567 1924 1626 1983 τοῖς

396 2049 528 2122 πονηροῖς
554 2048 599 2099 καὶ
623 2042 723 2116 πένησι
749 2049 794 2100 καὶ
819 2043 983 2122 δημοτικοῖς
1004 2042 1023 2120 ἢ
1043 2051 1102 2109 τοῖς
1125 2050 1273 2124 χρηστοῖς.
1287 2088 1310 2111 .,
1339 2041 1374 2100 in
1396 2060 1463 2121 quo
1491 2060 1560 2101 non
1583 2040 1626 2102 de

397 2166 578 2244 διασῴζεσθαι
597 2165 650 2242 τὴν
671 2168 814 2226 πολιτείαν
837 2165 897 2226 sed
918 2165 960 2226 de
985 2167 1075 2226 τᾶλλα
1100 2168 1314 2250 διαπράττεσθαι
1329 2166 1457 2246 agitur;
1481 2173 1627 2226 attamen

396 2287 557 2348 sententia
576 2297 627 2348 est
648 2289 695 2349 sic
716 2289 872 2350 conclusa
893 2311 900 2350 :
924 2293 953 2349 ἐν
977 2289 1052 2372 αὐτῷ
1074 2295 1165 2372 τούτῳ
1188 2297 1336 2374 φανοῦνται
1360 2290 1413 2367 τὴν
1433 2292 1625 2372 δημοκρατίαν

397 2425 590 2506 διασῴζοντες.
616 2423 744 2485 Eodem
766 2421 878 2493 modo,
903 2423 940 2484 in
962 2423 1064 2505 capit.
1089 2421 1106 2482 1
1134 2443 1205 2504 par.
1225 2423 1255 2498 8,
1282 2423 1364 2483 haec
1389 2421 1493 2484 verba
1515 2422 1626 2504 legere

396 2549 507 2629 possis
535 2571 544 2609 t
575 2554 630 2626 Είη
667 2554 719 2630 μὲν
745 2545 793 2608 οὖν
824 2547 856 2607 ἂν
888 2550 967 2615 πόλις
1001 2548 1052 2608 οὐκ
1087 2545 1141 2608 ἀπὸ
1174 2553 1308 2608 τοιούτων
1342 2548 1576 2626 διαιτημάτων
1604 2551 1625 2624 ἡ

397 2675 543 2753 βελτίστη,
574 2671 646 2733 ἀλλ’
669 2677 687 2751 ἡ
709 2675 926 2755 δημοκρατία
945 2673 1061 2752 μάλιστ’
1090 2672 1122 2732 ἂν
1143 2676 1288 2753 σῴζοιτο
1310 2673 1405 2739 οὕτως.
1437 2671 1625 2740 Praeterea,

398 2797 427 2857 si
447 2796 530 2859 duas
552 2799 588 2859 in
611 2806 733 2879 partes,
750 2817 832 2880 quas
857 2797 998 2878 conjecit
1020 2796 1233 2867 Schmidtius,
1255 2795 1451 2878 opuseulum
1473 2804 1627 2857 nostrum
1664 2769 1669 2786 ι

397 2930 483 2982 esset
507 2921 664 2992 divisum,
686 2921 802 3003 capitis
824 2921 839 2982 l
858 2921 1057 3003 paragraphi
1073 2923 1152 2998 412,
1176 2940 1261 3002 quae
1288 2921 1528 2982 sententiarum
1548 2939 1627 2980 con·

395 3053 522 3107 textum
544 3046 755 3117 intercidunt,
778 3047 881 3108 alium
899 3047 936 3106 in
955 3046 1066 3106 locum
1087 3045 1267 3108 transferre
1288 3055 1387 3126 atquc
1408 3044 1626 3126 eamdemque

395 3170 484 3232 viam
508 3180 607 3254 atque
636 3171 863 3234 Kirchhoffius
888 3172 1019 3252 ingredi
1043 3179 1223 3253 oporteret.

454 3295 552 3357 Adde
574 3296 664 3377 quod
689 3296 740 3357 illi
771 3297 1005 3378 proppsitioni‚
1036 3316 1096 3378 per
1121 3315 1221 3377 quam
1252 3296 1398 3377 scriptor
1430 3297 1621 3356 summatim

394 3422 539 3484 ostendit
561 3422 644 3508 quid
662 3431 750 3484 esset
776 3421 866 3502 quod
891 3421 1034 3504 probare
1055 3421 1169 3494 vellet,
1195 3420 1375 3504 respondet
1402 3420 1456 3481 hic
1470 3421 1564 3483 locus
1584 3422 1623 3482 in

393 3548 512 3628 capitis
527 3545 576 3607 Ill
600 3567 732 3630 paragr.
753 3567 765 3608 1
793 3570 799 3607 :
823 3553 877 3607 Καὶ
892 3557 943 3624 τῆς
967 3547 1127 3625 Ἀθηναίων
1146 3549 1287 3614 πολιτείας
1308 3551 1423 3627 τὸνμὲν
1447 3552 1548 3628 τρόπον
1568 3546 1621 3606 οὐκ

393 3675 508 3732 ἐπαινῶ·
527 3675 678 3754 ἐπειδήπερ
694 3672 818 3742 δ”ἑδοξεν
834 3672 928 3740 αὐτοῖς
943 3674 1190 3753 δημοκρατεῖσθαι,
1204 3669 1235 3730 εὖ
1248 3695 1294 3750 μοι
1309 3673 1421 3732 δοκοῦσι
1437 3673 1620 3751 διασῴζεσθαι

392 3797 445 3873 τὴν
475 3800 677 3878 δημοκρατίαν,
707 3803 798 3878 τούτῳ
832 3810 872 3878 τῷ
906 3801 999 3878 τρόπῳ
1027 3802 1168 3878 χρώμενοι
1202 3797 1224 3878 ᾧ
1259 3795 1314 3876 ἐγὼ
1347 3795 1485 3864 ἐπέδειξα.
1513 3793 1559 3855 Ut
1583 3795 1620 3855 in

392 3921 576 4002 prooemio,
593 3922 640 3981 ita
661 3909 701 3982 in
714 3921 773 4012 illo
788 3921 861 3982 loco
882 3922 1022 4002 scriptor
1041 3920 1256 4002 reprehendit
1269 3920 1503 3990 Athenienses
1528 3919 1619 4000 quod

393 4046 553 4127 populare
576 4047 753 4128 imperinm
776 4047 989 4117 adsciverint,
1011 4056 1044 4106 et
1061 4045 1160 4106 simul
1179 4064 1237 4106 eos
1262 4045 1388 4114 laudat,
1414 4044 1504 4126 quod
1523 4043 1618 4104 illam

391 4171 441 4232 rei
465 4170 616 4252 publicae
644 4171 784 4232 formam
814 4172 1014 4233 incolumem
1043 4181 1193 4243 servent3
1222 4171 1280 4232 sed
1308 4171 1412 4232 verba
1437 4170 1473 4231 in
1497 4188 1618 4252 propo-

392 4295 512 4356 sitione
542 4305 701 4377 usurpata
729 4304 775 4356 καὶ
803 4298 893 4356 τᾶλλα
919 4297 1132 4377 διαπράττονται
1163 4299 1179 4355 t
1210 4299 1337 4355 δοκοῦσιν
1364 4295 1530 4378 ἁμαρτάνειν
1558 4304 1618 4362 τοῖς

390 4420 484 4487 ἄλλοις
505 4421 646 4498 Ἕλλησιν
672 4421 792 4490 omisit,
810 4421 906 4501 qnasi
922 4430 1032 4481 essent
1046 4439 1300 4501 supervacanea.
1316 4419 1396 4480 Veri
1410 4419 1618 4481 simillimum

389 4552 449 4614 est,
476 4553 513 4604 ut
534 4545 648 4626 opinio
673 4543 737 4606 fert
754 4564 838 4617 mea,
856 4546 1053 4626 scriptorem
1078 4553 1239 4615 nostrum,
1263 4545 1374 4614 rebus,
1399 4563 1482 4624 quas
1501 4541 1617 4604 verbis

388 4667 567 4751 διασῴζεσθαι
598 4669 651 4747 τὴν
686 4673 828 4730 πολιτείαν
857 4679 889 4730 et
923 4670 1036 4730 verbis
1073 4671 1163 4730 τᾶλλα
1201 4672 1414 4753 διαπράττεσθαι
1450 4667 1616 4750 signifiea-

387 4793 499 4866 visset,
521 4793 621 4854 simul
644 4793 825 4877 eademque
850 4795 1039 4857 disserendi
1063 4781 1191 4855 ratione
1215 4795 1373 4867 tractatis,
1396 4794 1464 4855 illis
1486 4799 1615 4854 tantum
