3720 5912
402 649 437 710 16
736 669 778 710 DE
800 669 929 710 nlnttttt
951 669 1067 710 Fortun
1090 669 1291 710 nlsrumto

392 838 542 919 singulas
573 846 694 920 partes,
726 859 766 898 ex
797 837 918 919 quihus
949 837 1082 899 libellus
1110 847 1226 900 noster
1254 845 1398 908 constat,
1425 837 1626 918 perspiciam
1719 897 1722 902 .

394 971 494 1044 atque
517 983 634 1024 causas
660 963 788 1024 ordinis
813 964 850 1025 in
873 963 1043 1025 codicibus
1069 965 1194 1028 servati
1220 983 1395 1045 exponam.
1422 961 1494 1022 Hoc
1514 971 1625 1024 tamen

396 1087 541 1168 objicere
558 1087 669 1158 velim,
700 1087 729 1147 si
753 1087 904 1148 eamdem
924 1086 1113 1148 disserendi
1133 1088 1224 1148 viam
1248 1086 1500 1168 ingrederemur
1526 1095 1625 1167 atque

400 1211 638 1283 Kirchhossius,
664 1211 794 1274 nullum
815 1231 900 1294 opus
922 1232 941 1272 a
964 1211 1133 1273 veteribus
1158 1212 1257 1273 nohis
1283 1211 1441 1272 traditum
1461 1213 1625 1292 integrum

399 1357 472 1398 esse
502 1356 767 1420 permausm'nm.
789 1335 836 1399 Ut
858 1337 921 1397 hoe
947 1357 1014 1398 uno
1040 1337 1195 1420 exemplo
1218 1347 1304 1407 uter,
1328 1337 1511 1398 orationem
1531 1336 1626 1397 illam

399 1483 418 1524 a
449 1461 676 1524 Demosthene
708 1461 870 1523 adversus
904 1461 1107 1523 Aeschinem
1141 1482 1202 1544 pro
1233 1461 1448 1544 Ctesiphonte
1477 1461 1624 1523 habitam

303 1667 306 1674 Ι
401 1586 626 1648 Kirchhollius
659 1589 706 1666 (1)
746 1587 829 1648 duas
870 1587 906 1646 iu
943 1596 1054 1668 partes
1085 1587 1271 1669 discerpsit,
1312 1607 1453 1669 quarum
1487 1587 1624 1648 alteram

399 1713 562 1773 actionem
597 1711 776 1793 quamdam
809 1730 882 1773 esse
920 1710 1021 1786 ducit,
1053 1712 1158 1773 multo
1186 1723 1263 1774 aute
1290 1712 1458 1774 forensem
1493 1721 1625 1772 conten-

399 1837 525 1898 tionem
544 1836 633 1897 intra
660 1835 804 1916 parietes
827 1855 847 1896 a
874 1834 1100 1896 Demosthene
1124 1837 1314 1898 inchoatam
1336 1857 1374 1897 ac
1395 1837 1491 1918 quasi
1512 1835 1626 1896 adnm·

397 1962 537 2032 hrotam,
560 1961 700 2022 alteram
725 1961 909 2022 orationem
936 1981 1050 2022 veram
1079 1981 1152 2022 esse
1179 1962 1359 2033 existimat,
1388 1962 1477 2043 apud
1495 1961 1626 2042 judices

398 2087 519 2148 dietam
558 2107 595 2147 ac
632 2087 789 2168 deinceps
826 2086 869 2146 ab
906 2096 1038 2147 oratore
1074 2087 1149 2168 ipso
1188 2088 1381 2148 memoriter
1412 2087 1623 2168 exscriptam.

400 2211 538 2294 Saepius
571 2231 650 2273 sane
681 2211 880 2282 chartarum,
909 2211 944 2270 iu
975 2210 1098 2292 quihus
1127 2220 1277 2273 veterum
1307 2233 1408 2294 opera
1434 2233 1453 2272 a
1476 2211 1626 2272 librariis

401 2346 478 2398 suut
500 2336 678 2419 descripta,
702 2356 771 2397 uon
798 2337 890 2398 nulla
917 2337 1001 2398 folia
1022 2348 1100 2399 sunt
1127 2337 1325 2420 interposita
1346 2345 1403 2398 aut
1426 2337 1539 2418 plures
1562 2336 1629 2396 loci

403 2463 532 2524 lacunis
573 2462 714 2543 aliisque
750 2463 950 2525 damnorum
987 2462 1165 2543 generibus
1200 2464 1248 2524 ita
1285 2471 1361 2524 sunt
1397 2461 1554 2543 corrupti,
1591 2469 1629 2522 ut

407 2587 608 2649 recentiores
641 2587 785 2649 editores
812 2588 1051 2648 sententiarum
1081 2596 1273 2650 contextum
1299 2595 1397 2668 atque
1426 2587 1546 2648 seriem
1569 2587 1627 2646 vix

401 2712 576 2794 complecti
603 2722 659 2773 aut
690 2713 846 2793 persequi
879 2714 1025 2794 possint.
1066 2718 1224 2774 Attamen
1255 2731 1317 2773 uec
1351 2712 1476 2794 scripta
1516 2731 1627 2772 emen-

397 2837 476 2898 dare
520 2857 579 2898 neo
618 2837 754 2899 lacunas
792 2837 926 2919 explere
964 2857 1025 2899 nec
1065 2838 1306 2900 sententiarum
1340 2837 1492 2899 ordinem
1527 2835 1626 2896 nohis

396 2963 556 3024 traditum
578 2972 708 3024 mutare
726 2963 794 3024 nisi
813 2962 946 3024 abscisa
965 2964 1057 3024 omui
1077 2983 1135 3045 spe
1155 2960 1331 3024 debemus,
1354 2963 1502 3023 Primum
1530 2961 1626 3022 intel·

395 3087 506 3168 legere
532 3086 724 3148 studeamus
749 3087 995 3168 quidsenserit
1021 3089 1173 3169 scriptor,
1204 3087 1287 3168 quid
1305 3087 1535 3148 demonstrare
1559 3084 1625 3145 sihi

396 3213 614 3294 proposuerit,
640 3212 761 3293 quibus
785 3213 989 3294 argumentis
1018 3213 1217 3274 sententiam
1241 3190 1500 3288 confirmaverit,
1519 3229 1621 3290 quem

396 3337 558 3399 adfinem
581 3337 901 3419 argumentationem
921 3337 1108 3413 deduxerit,
1131 3357 1232 3419 quam
1259 3335 1512 3398 demonstrandi
1532 3334 1626 3395 viam

328 3473 334 3486 ‘
396 3463 579 3544 ingressus,
608 3483 674 3544 qua
697 3463 891 3545 disputandi
913 3463 1042 3524 ratione
1077 3483 1169 3538 usus,
1197 3483 1296 3543 quem
1328 3482 1438 3522 rerum
1472 3459 1627 3520 ordinem

398 3597 549 3660 secutus,
579 3589 616 3650 id
652 3589 742 3670 quod
773 3589 975 3650 decrevisset
1010 3589 1167 3651 effecerit.
1203 3586 1358 3649 Collectis
1394 3587 1483 3648 euim
1516 3584 1626 3646 libelli

395 3713 546 3798 partibus
583 3713 752 3796 verbaque
785 3713 956 3796 scriptoris
996 3722 1163 3774 mutuatus
1202 3733 1279 3774 suas
1316 3711 1453 3793 quidem
1494 3719 1625 3772 senteu-

395 3838 460 3899 tias
489 3838 715 3899 Kirohhollius
742 3839 960 3920 exprompsit.
987 3837 1085 3898 Haud
1110 3839 1211 3918 igitur
1238 3837 1310 3918 ejus
1331 3836 1523 3917 opinionem
1545 3855 1624 3916 pro-

395 3962 540 4024 bandam
562 3983 634 4025 esse
663 3963 759 4035 duco,
795 3963 854 4024 sed
884 3963 1035 4025 libellum
1068 3985 1088 4024 a
1118 3961 1287 4026 veteribus
1320 3961 1418 4022 nobis
1450 3960 1623 4029 traditum,

395 4108 464 4148 non
487 4089 682 4170 opusculum
703 4109 726 4162 ¹a
751 4087 957 4149 Kirchhollio
982 4089 1185 4158 inchoatum,
1214 4087 1400 4168 inspiciam.

457 4211 659 4274 Schmidtius
679 4214 727 4293 (n)
751 4213 950 4274 Kirchhollli
972 4197 1184 4294 disciplinam
1206 4220 1256 4272 est
1277 4219 1419 4272 secutus.
1443 4209 1626 4270 Particula-

397 4358 470 4399 rum
486 4338 648 4408 ordinem,
665 4358 706 4399 ex
727 4340 848 4420 quihus
868 4348 1034 4400 constaret
1057 4337 1191 4399 libellus
1210 4339 1246 4398 in
1270 4336 1439 4397 codicibus
1455 4343 1626 4405 servatuS,

441 4535 482 4598 (1)
498 4535 572 4584 Vide
583 4535 777 4585 chnnourn
788 4535 1059 4584 commentationem
1074 4533 1164 4584 Ueber
1173 4533 1218 4584 die
1228 4532 1384 4582 Reduction
1394 4531 1445 4580 der
1456 4529 1626 4580 Demosthe-

394 4615 512 4667 nicchen
521 4614 695 4674 Kranzredc,
707 4617 736 4665 iu
747 4615 981 4679 Abhandlcngeu
992 4615 1044 4665 der
1056 4613 1133 4665 Καίε.
1144 4613 1300 4664 Alcademic
1312 4613 1363 4663 der
1378 4610 1626 4669 Wiaeenechosten

393 4709 429 4745 au
449 4695 546 4745 Berlin
560 4699 650 4757 (anno
664 4697 732 4758 1875,
746 4711 811 4760 pag.
827 4698 857 4758 59
870 4700 899 4745 et
912 4697 996 4760 serp).

440 4777 480 4838 (2)
496 4775 570 4825 Vide
583 4775 732 4826 Scumnrrr
744 4775 917 4840 opusculum
927 4789 1014 4840 supra
1025 4775 1176 4824 laudatum
1188 4788 1194 4822 :
1207 4773 1344 4823 Memoire
1355 4772 1432 4822 eines
1444 4769 1626 4834 Oligorchen

394 4857 423 4904 in
437 4856 531 4906 Athen
546 4857 631 4907 treber
645 4857 690 4906 die
705 4856 950 4907 Stactamcximen
964 4855 1014 4906 dea
1027 4855 1131 4905 Demos
1145 4853 1252 4917 (lenae,
1267 4868 1343 4902 anno
1360 4851 1441 4916 1826).
