3720 5912
611 697 654 738 DE
675 697 804 739 LIBELLI
826 697 940 742 FORMA
964 697 1161 741 DISPUTA'l'lO
1457 701 1495 762 29

271 863 444 945 particulis
473 863 652 926 dissertum
676 874 757 940 erat,
788 864 846 926 illo
880 865 917 925 in
944 865 1018 926 loco
1046 866 1164 947 agitur.
1194 867 1310 950 ltaque
1341 888 1495 950 paragra-

272 989 357 1070 phus
374 987 410 1049 13
431 1009 472 1050 ex
495 990 612 1050 ordine
626 991 852 1071 paragraphos
870 1009 917 1061 10,
938 1009 970 1050 11
989 1000 1020 1051 et
1042 1010 1078 1052 12
1101 992 1298 1072 insequitur.
1316 991 1496 1075 Postquam

270 1111 443 1172 iaeultates
469 1113 577 1174 servis
610 1113 815 1194 advenisque
843 1113 885 1173 ab
918 1114 1179 1176 Atheniensibus
1206 1115 1299 1176 datas
1328 1117 1493 1198 exposuit,

269 1237 359 1297 illius
392 1237 545 1298 licentiae
581 1237 665 1297 fines
703 1239 845 1319 scriptor
878 1246 991 1298 noster
1026 1240 1191 1300 terminat.
1229 1235 1426 1318 Aeschines,
1461 1243 1495 1302 in

270 1362 374 1443 capite
399 1361 455 1422 138
476 1361 635 1422 orationis
656 1361 814 1424 adversus
839 1361 1062 1434 Timarchum,
1086 1384 1149 1425 nos
1171 1364 1343 1426 admonuit
1363 1365 1493 1446 plebem

270 1487 375 1548 servis
403 1487 595 1548 facultatem
619 1487 823 1548 exercendae
847 1487 882 1548 in
905 1488 1078 1569 palaestris
1100 1491 1271 1570 gymnieae
1295 1490 1373 1552 artis
1398 1511 1494 1572 nega·

268 1612 358 1672 visse
388 1633 395 1672 :
420 1613 519 1672 δοῦλον
548 1613 587 1691 μὴ
619 1613 806 1704 γυμνάζεσθαι
840 1614 913 1691 μηδὲ
947 1611 1123 1696 ξηραλοιφεῖν
1158 1617 1186 1672 ἑν
1216 1623 1275 1680 ταῖς
1302 1617 1492 1696 παλαίστραις.

268 1736 418 1798 Advenis
441 1737 540 1797 etiam
557 1736 780 1798 Athenienses
802 1737 1052 1818 gymnasiorum
1075 1737 1167 1798 aditu
1187 1737 1438 1815 interdixerant,
1460 1748 1496 1802 ut

269 1869 397 1922 constat
411 1881 452 1921 ex
473 1860 526 1920 his
549 1859 662 1921 verbis
676 1861 867 1942 interpretis
889 1861 1063 1942 cujusdam
1079 1862 1120 1922 de
1142 1863 1379 1944 Aristophanis
1394 1863 1495 1926 Pluto

267 1986 368 2064 (vers.
389 1985 463 2064 953)
481 2003 489 2049 t
513 1987 563 2046 οὐκ
588 1985 652 2062 ἐξῆν
677 1989 706 2045 δὲ
733 1985 808 2055 ξένον
828 1991 955 2070 χορεύειν
975 1989 1004 2046 ἐν
1026 1999 1065 2068 τῷ
1089 1984 1196 2069 ἁστικῷ
1215 2001 1301 2072 χορῷ·
1319 1993 1392 2070 παρὰ
1410 1998 1493 2050 τοῦτο

268 2112 415 2193 πέπαιχεν·
445 2114 473 2169 ἐν
504 2113 533 2170 δὲ
560 2121 599 2190 τῷ
627 2113 734 2191 ληναίιρ
760 2109 836 2186 ἐξῆν·
863 2113 923 2172 ἐπεὶ
951 2117 996 2170 καὶ
1025 2113 1150 2190 μέτοικοι
1180 2115 1346 2194 ἐχορήγουν.
1376 2112 1494 2175 Nonne

267 2234 338 2294 veri
368 2233 477 2295 simile
504 2241 563 2304 est,
592 2253 658 2314 quo
687 2243 836 2314 tempore
860 2235 1003 2315 scriptus
1037 2235 1080 2294 sit
1106 2235 1251 2311 libellus,
1279 2237 1425 2298 advenas
1453 2237 1494 2298 ab

268 2358 421 2420 omnihus
442 2377 510 2418 non
526 2359 634 2418 solum
652 2359 813 2438 majorum
836 2357 1077 2439 Dionysiorum
1093 2359 1266 2421 sedetiam
1287 2359 1494 2424 Lenaeorum

267 2484 432 2564 choragiis
454 2493 487 2544 et
511 2483 621 2544 choris
645 2484 747 2544 fuisse
774 2483 954 2544 exclusos?
979 2483 1013 2544 Si
1029 2484 1070 2545 de
1086 2486 1194 2546 servis
1209 2485 1412 2568 advenisque
1433 2487 1493 2548 illo

252 2607 301 2667 ⁴in
313 2606 386 2667 loco
401 2607 519 2688 agitur,
534 2607 674 2669 verbum
687 2607 780 2667 αὐτόθι
796 2606 994 2668 mendosum
1008 2627 1081 2668 esse
1098 2608 1213 2689 liquet,
1228 2619 1261 2670 et
1276 2611 1312 2671 in
1325 2610 1492 2672 Muelleri-

268 2729 472 2812 Strucbingii
497 2733 695 2792 sententiam
720 2740 851 2813 oportet
873 2732 933 2802 ire,
958 2733 1015 2812 qui
1039 2734 1182 2793 correxit
1206 2734 1307 2796 αὐτῶν.
1336 2735 1389 2807 At,
1413 2736 1493 2818 quid

267 2857 411 2938 scriptor
430 2857 533 2917 verbo
560 2859 751 2917 καταλέλυκεν
774 2857 963 2938 significare
988 2858 1053 2918 sibi
1076 2860 1275 2940 proposuit?
1297 2859 1368 2921 Hoc
1397 2882 1491 2922 voca-

265 2981 381 3042 bulum
411 2981 501 3043 idem
529 3002 566 3042 ae
591 2991 744 3042 nostrum
780 3002 795 3042 ιι
825 2983 965 3043 exclusit
994 3002 1009 3042 ι)
1038 2983 1203 3064 designat;
1232 2992 1328 3066 atque
1357 3006 1490 3048 sensum

265 3115 416 3168 nostrum
432 3107 644 3188 interpretari
658 3106 827 3178 dehemus,
845 3107 941 3188 quasi
956 3107 1020 3167 hoe
1032 3106 1132 3168 modo
1148 3117 1296 3185 constet:
1314 3111 1368 3170 vel
1383 3116 1490 3172 τούτοιν

265 3240 321 3289 τῶν
344 3241 453 3312 τεχνῶν
477 3230 532 3291 vel
559 3239 610 3306 τῆς
639 3235 747 3290 τούτων
779 3241 836 3290 τῶν
860 3240 969 3312 τεχνῶν
998 3229 1144 3309 ἀσκήσεως
1175 3235 1376 3311 κατοιλέλοκεν.
1407 3232 1490 3310 Cum

265 3355 367 3437 igitur
381 3376 497 3419 sensus
512 3356 569 3418 ille
582 3357 625 3418 ad
638 3376 755 3418 servos
771 3355 983 3437 advenasque
1002 3358 1175 3438 pertineat,
1191 3360 1436 3441 paragraphum
1455 3359 1490 3422 13

266 3499 332 3541 non
357 3499 453 3563 posse
480 3501 549 3542 non
582 3481 677 3562 sequi
708 3482 898 3562 superiores
930 3482 1156 3564 paragraphos
1188 3502 1296 3564 neque
1324 3483 1427 3545 ullam
1456 3485 1492 3546 in

268 3607 506 3667 sententiarum
527 3614 684 3668 contextu
697 3606 808 3666 inesse
823 3605 1109 3668 intermissionem
1124 3617 1267 3690 apparet.
1293 3607 1367 3688 Qua
1381 3611 1492 3692 prohi-

266 3730 391 3791 bitione
412 3741 681 3802 commemorata,
702 3731 774 3811 ejus
789 3750 906 3792 causas
927 3731 1069 3812 scriptor
1084 3733 1247 3814 explicat:
1271 3733 1442 3795 Ἀκολασίιιν
1459 3745 1490 3796 et

267 3862 409 3938 ἰσηγορίαν
442 3855 538 3938 plebs
567 3857 674 3918 servis
705 3855 910 3937 advenisque
944 3855 1118 3927 tribuerat,
1152 3857 1242 3937 quod
1268 3878 1322 3921 eos
1357 3860 1422 3921 sibi
1446 3859 1490 3920 ad

265 3983 419 4044 colendas
443 3990 540 4052 artes,
566 3981 780 4063 percipienda
796 3981 971 4062 vectigalia
989 3990 1086 4063 atque
1105 3982 1334 4043 instruendam
1349 3985 1488 4048 classem

265 4107 467 4168 necessarios
491 4126 563 4167 esse
586 4105 737 4167 ducebat.
772 4105 839 4166 Sed
863 4107 898 4166 in
922 4106 1105 4186 gymnasiis
1130 4107 1370 4189 palaestrisque
1397 4109 1489 4190 plebi

267 4249 371 4311 neque
392 4230 529 4291 advenis
551 4249 657 4312 neque
682 4231 788 4291 servis
809 4249 892 4311 opus
916 4239 974 4292 est.
996 4230 1135 4292 lnfimns
1158 4233 1298 4314 quisque
1318 4233 1407 4296 ludis
1426 4255 1488 4316 pro

266 4364 357 4436 parte
379 4355 470 4416 virili
492 4375 627 4437 operam
649 4355 706 4416 dat
728 4374 829 4436 seque
844 4364 984 4416 exercet.
1004 4354 1151 4437 Longius
1171 4358 1228 4438 (1),
1251 4359 1308 4439 qui
1328 4360 1489 4441 sagaciter

263 4479 372 4540 locum
404 4479 501 4542 illum
525 4488 574 4541 est
596 4481 841 4563 interpretatus,
864 4481 1060 4542 sententiam
1084 4490 1275 4565 corruptam
1299 4504 1370 4544 esse
1398 4487 1488 4547 etin

263 4606 350 4666 hunc
378 4604 515 4666 modum
544 4605 785 4666 emendandam
809 4625 1002 4686 persuasum
1022 4605 1166 4667 habuit:
1191 4611 1312 4688 νομίζων
1342 4617 1426 4670 τοῦτο
1455 4611 1486 4671 οὐ

312 4857 351 4921 (ι)
362 4856 436 4906 Vide
449 4857 552 4907 Lmen
566 4857 838 4906 commentationem
854 4872 942 4920 supra
954 4856 1100 4906 laudatam
1112 4858 1192 4921 (pag.
1210 4858 1239 4908 16
1254 4864 1282 4908 et
1294 4860 1377 4923 seq).
