3720 5912
608 679 650 721 ns
673 677 801 720 uranum
826 677 940 720 ronna
963 678 1161 722 nrsrurarro
1457 659 1493 718 25

268 847 373 906 δίκαιον
398 845 466 907 εἶναι
485 855 551 906 πᾶσι
571 855 627 906 τῶν
647 844 740 930 ἀρχῶν
757 847 927 928 pertinatia
950 872 982 907 τε
997 859 1037 930 τῷ
1055 851 1151 929 κλήρῳ
1172 849 1262 907 καὶέν
1281 857 1318 929 τῇ
1339 849 1496 928 χειροτονίᾳ

268 977 314 1031 καὶ
338 972 431 1053 λέγειν
456 971 555 1042 ἐξεῖναι
583 983 623 1053 τῷ
649 975 812 1054 βουλομένῳ
842 983 898 1032 τῶν
925 976 1058 1033 πολιτῶν.
1086 971 1161 1052 Qua
1187 972 1223 1034 in
1249 971 1413 1032 sententia
1434 969 1496 1030 dis-

267 1095 484 1159 tributionem
508 1097 755 1178 particularum,
779 1117 818 1157 cx
843 1097 963 1178 quibus
987 1105 1140 1158 constant
1165 1097 1379 1176 insequentes
1405 1114 1499 1177 para·

267 1223 398 1304 graphi,
421 1223 580 1304 reperias.
606 1221 738 1304 Quippe
760 1223 873 1284 verbis
894 1233 950 1283 τῶν
975 1221 1070 1306 ἀρχῶν
1092 1222 1291 1304 paragraphi
1312 1220 1342 1294 3,
1366 1223 1386 1298 4
1407 1229 1440 1282 et
1460 1221 1498 1295 5;

232 1365 234 1368 '
268 1348 382 1410 verbis
418 1357 527 1410 autem
567 1351 660 1429 λέγειν
696 1349 795 1418 ἐξεῖναι
835 1362 875 1430 τῷ
919 1352 1081 1430 βουλομένῳ
1118 1347 1319 1430 paragraphi
1359 1347 1379 1406 6
1409 1355 1442 1432 et
1481 1365 1498 1426 7

269 1471 482 1554 respondent.

328 1595 469 1668 Etenim,
495 1598 530 1658 in
552 1599 762 1680 paragrapho
785 1597 815 1668 3,
842 1599 983 1680 scriptor
1006 1597 1151 1659 declarat
1175 1618 1273 1678 quem
1298 1597 1496 1659 admodum

270 1721 363 1805 plebs
397 1723 560 1804 gerendae
596 1724 645 1783 rei
680 1721 831 1814 publicae
864 1723 1054 1784 facultatem
1090 1733 1236 1804 usurpet.
1271 1723 1386 1804 ltaque
1422 1721 1496 1781 Kir-

268 1847 403 1909 chhoffii
434 1848 632 1909 sententiam
669 1847 876 1929 probabilem
914 1868 987 1910 esse
1019 1858 1109 1930 put0,
1141 1849 1198 1930 qui
1225 1847 1366 1910 verbum
1400 1850 1497 1906 ἔπειτα

268 1973 497 2034 emendaverit
524 1981 623 2054 atque
646 1976 707 2033 ἐπεί
726 1997 767 2032 τοι
790 1974 968 2054 scripserit.
993 1973 1104 2034 Plebis
1127 1975 1213 2034 cuim
1239 1949 1423 2034 dominatio
1449 1972 1498 2033 sic

269 2105 319 2158 est
343 2098 590 2179 circumscripta
625 2119 631 2157 :
667 2097 840 2178 Quotquot
869 2099 1093 2178 magistratus,
1123 2118 1181 2158 scu
1211 2098 1296 2158 bene
1325 2117 1383 2157 seu
1411 2096 1497 2157 male

268 2222 362 2301 gesti,
388 2221 444 2282 vel
466 2221 565 2282 saluti
595 2221 649 2282 vel
681 2222 832 2302 periculo
860 2231 937 2283 sunt
972 2223 1035 2282 toti
1064 2222 1198 2292 civitati,
1236 2241 1350 2281 eorum
1381 2221 1500 2302 vulgus

269 2364 341 2406 sesc
376 2365 444 2406 nou
477 2355 570 2406 curat
605 2364 679 2406 esse
710 2347 886 2427 particeps.
924 2345 1039 2426 Neque
1071 2346 1160 2406 euim
1193 2349 1360 2428 στρατηγίας
1393 2363 1499 2425 neque
1555 2386 1558 2392 ‚

268 2476 423 2553 ἱππαρχίας
453 2445 592 2552 adipisci
627 2471 748 2539 studet,
781 2471 871 2552 quod
896 2490 967 2530 sese
1004 2471 1110 2552 majus
1139 2469 1397 2529 emolumentum
1426 2487 1499 2529 essa

269 2602 440 2676 capturum
476 2594 654 2663 existimat,
695 2595 724 2654 si
757 2595 969 2675 magistratus
998 2594 1075 2654 illos
1110 2613 1179 2654 non
1217 2601 1398 2674 aucupatus
1434 2593 1499 2654 erit

269 2718 494 2800 divitibusque
515 2719 699 2800 reliquerit.
722 2719 787 2781 Sed
804 2720 833 2780 si
853 2721 928 2800 quis
947 2720 1159 2801 magistratus
1179 2719 1271 2800 quod
1285 2718 1497 2780 commodum

269 2843 373 2916 affert,
411 2865 497 2914 cum,
535 2844 718 2926 accipiendi
750 2844 907 2926 stipendii
944 2844 999 2905 vel
1034 2843 1205 2925 augendae
1240 2846 1288 2905 rei
1325 2845 1497 2908 familiaris

269 2989 377 3039 causa,
403 2971 556 3031 obtinere
580 2978 719 3029 conatur
740 2970 797 3048 (1).

328 3093 367 3154 In
394 3095 601 3176 paragrapho
631 3095 661 3170 4,
692 3094 835 3175 scriptor
867 3095 1076 3155 demonstrat
1098 3095 1133 3154 in
1162 3096 1281 3156 ceteris
1308 3095 1499 3158 civitatibus

268 3219 422 3298 (verbum
441 3227 586 3302 πανταχοῦ
608 3218 788 3300 respondet
802 3218 906 3278 verbo
921 3219 1030 3296 αὐτόθι)
1051 3219 1273 3300 principatum
1296 3219 1499 3301 pauperibus

269 3352 367 3424 atque
394 3344 565 3427 popularis
597 3344 730 3426 imperii
762 3342 947 3405 fautoribus
981 3343 1021 3404 de
1043 3343 1207 3404 industria
1231 3363 1303 3406 csse
1325 3344 1498 3406 tributum.

269 3468 352 3530 Nam
386 3490 452 3552 quo
490 3471 526 3531 in
562 3469 714 3551 pluribus
742 3469 944 3530 ¹civitatibus
981 3468 1078 3551 plebs
1118 3489 1284 3530 summum
1321 3470 1501 3551 imperium

270 3592 409 3668 obtinet,
436 3614 476 3655 eo
501 3596 607 3677 magis
638 3596 712 3676 ipsa
742 3595 1000 3656 Atheniensium
1028 3614 1083 3656 res
1106 3593 1242 3676 publica
1270 3596 1431 3656 firmatur.
1464 3595 1499 3657 Si

270 3720 389 3783 divites
410 3729 507 3802 atque
529 3719 627 3803 probi
648 3721 737 3780 cives
757 3720 894 3802 majoris
909 3721 945 3780 in
959 3719 1176 3801 gubernanda
1189 3719 1324 3782 civitate
1339 3721 1496 3782 momenti

316 4017 357 4080 (1)
371 4015 547 4080 Peragraphi
558 4015 574 4064 3
587 4014 678 4064 verba
692 4019 829 4080 corrupta
841 4029 904 4064 esse
917 4014 980 4064 veri
992 4014 1086 4064 simile
1098 4019 1151 4064 est.
1163 4015 1243 4076 Quae
1254 4017 1283 4064 in
1293 4015 1368 4064 hunc
1379 4015 1498 4064 modum

270 4109 332 4144 esse
344 4095 525 4147 restituenda
537 4095 693 4144 existimo
712 4087 795 4148 Ea«
807 4111 850 4147 τοι
867 4088 1007 4165 (correxrt
1018 4093 1228 4152 Karchhoilius
1239 4108 1376 4186 -pnsst
1388 4088 1500 4188 inam)

271 4195 367 4230 οποσοιι
383 4195 434 4251 μεν
450 4195 590 4253 σοιτηριαν
636 4171 721 4251 ’ρουσι
740 4177 798 4227 τῶν
817 4166 922 4268 ἁρχῶγ,
941 4173 1061 4249 χρησταὶ
1082 4164 1170 4238 οὖσαι,
1189 4174 1234 4227 καὶ
1256 4167 1296 4246 μὴ
1310 4191 1380 4270 χρ
1336 4173 1434 4249 ρηστοιὶ
1456 4167 1499 4246 [ἢ]

270 4258 577 4323 (expunxitCobetus)
594 4193 653 4310 alvi
622 4252 718 4310 νδυνον
733 4260 773 4329 τῷ
794 4247 914 4330 δήμῳ“
898 4272 1009 4317 απαντι,
1031 4252 1138 4306 τουτων
1159 4272 1210 4326 μεν
1229 4256 1285 4306 τῶν
1306 4257 1400 4350 αρχῶν
1421 4247 1500 4307 οὐδτν

271 4333 381 4390 δεῖται’
374 4355 387 4390 ο
404 4333 492 4410 δῆμος
509 4355 639 4413 μετεχειν
655 4330 795 4406 (correxrt
810 4334 1173 4396 Hc1nd0rhuS,—.:mss
1191 4330 1338 4408 μετεῖναι),
1360 4329 1424 4387 οὔτε
1444 4337 1501 4387 τῶν

271 4420 447 4512 στρατηγιῶν
464 4401 600 4512 (correxpl
617 4418 800 4478 Cobetus3-
813 4431 912 4466 mss:
905 4416 1133 4489 .στρατηγικῶν
1153 4409 1330 4489 κλήρων)”
1303 4412 1409 4468 οιοντοιί
1427 4433 1501 4490 σφισι

271 4499 372 4588 χρῆναι
402 4499 526 4570 μετεῖναι
556 4493 620 4549 οὕτε
646 4499 703 4548 τῶν
723 4495 901 4590 ἱππαρχιῶν·
933 4493 1084 4584 γιγνώσκει
1109 4491 1202 4584 γὰρο
1231 4490 1321 4567 δῆμος
1349 4489 1390 4548 ὅτι
1414 4491 1502 4548 πλειω

272 4569 453 4673 ‹bpsltsirou'
444 4595 473 4630 εν
492 4583 532 4650 τῷ
557 4571 596 4651 μὴ
618 4570 700 4637 αὐτὸς
714 4571 814 4674 ἄρχειν
834 4573 936 4635 ταύτας
957 4571 1005 4635 τὰς
1025 4565 1121 4649 ἀρχὰς,
1140 4566 1238 4627 ἀλλ”
1229 4593 1276 4628 εοιν
1295 4569 1359 4636 τοὺς
1378 4571 1503 4627 δυνατω-

271 4675 369 4719 τατους
385 4676 491 4790 αρχθειν
515 4651 635 4712 Οπόοοιι
659 4650 687 4709 δ’
698 4655 765 4709 εἰσιν
786 4647 868 4731 ἁρχαὶ
889 4661 965 4716 <.,
978 4660 1032 4716 ,>
1052 4656 1192 4718 (Cobctus
1207 4655 1339 4705 lacunam
1353 4661 1398 4705 est
1410 4670 1503 4721 susp1·

272 4741 366 4802 catus)
388 4737 451 4811 μισθ
455 4755 531 4814 οοορ
527 4736 566 4798 ας
588 4730 669 4790 ἕνεκα
695 4737 741 4790 καὶ
761 4729 939 4814 ὠρελείας’
917 4755 954 4796 εις
977 4752 1025 4787 τον
1047 4727 1135 4799 οἶκον,
1156 4733 1258 4796 τούτοις
1279 4733 1385 4805 ζητεῖ
1378 4753 1391 4788 ο
1413 4732 1501 4808 δῆμος

272 4811 381 4894 &matth
