3720 5912
383 617 421 677 58
655 637 724 691 Quo
746 637 901 680 mmmm
924 637 1081 678 ειιιπιτυε
1103 627 1152 678 ἐιν
1175 635 1310 680 summu

384 802 442 885 ἅμα
455 805 572 873 ἄποντες
587 811 633 866 καὶ
648 803 700 866 οἰπὸ
713 810 872 867 τῶναύτῶν
884 807 971 866 δαπα-

383 917 485 998 νιῖιντες
496 937 541 990 καὶ
550 933 663 1014 προσέτι
676 939 721 991 καὶ
732 931 872 1008 θαλάσσης
884 935 972 1012 εῖργύ·

384 1079 461 1136 μενοι
482 1057 523 1134 (ε.
547 1055 614 1131 141,
636 1064 702 1116 ατε
717 1056 815 1136 seq.).

442 1181 532 1264 Μάχη
552 1185 602 1261 μέν
623 1184 674 1263 γὰρ
695 1189 744 1261 μιᾷ
762 1187 828 1262 πρὸς
848 1179 970 1249 ἅπαντας

381 1304 527 1382 ’Έλληνας
550 1307 660 1365 δύνατοι
678 1308 900 1384 Πελοποννήσιοι
924 1314 969 1366 καὶ

380 1434 404 1488 οἱ
420 1427 559 1512 ξύμμαχοι
573 1427 725 1512 άντισχεῖν,
734 1432 869 1511 πολεμεῖν
885 1434 915 1491 δέ
929 1432 969 1511 μὴ

380 1559 446 1635 πρὸς
471 1559 570 1635 ὁμοίαν
598 1552 841 1638 άντιπαρασιευήν
869 1553 970 1616 ἐθύνε-

381 1700 461 1738 τοι...
485 1677 527 1756 (c.
546 1679 613 1756 141,
630 1679 697 1740 θεῖ
711 1687 809 1762 seq.).

446 1807 579 1886 Φρούριον
608 1805 637 1864 δ’
664 1811 686 1864 εί
715 1809 889 1884 ποιήσονται,
919 1817 970 1883 τῆς

385 1931 435 2006 μὲν
453 1935 506 2007 γῆς
522 1929 671 2008 βλάπτοιεν
687 1932 719 1990 άν
734 1956 759 1990 τι
780 1932 861 2013 μέρος
881 1954 969 1991 κατα-

325 2053 332 2070 “
385 2052 499 2133 δρομαῖς
527 2059 572 2112 καὶ
599 2053 787 2134 αὐτομολίαις,
814 2056 845 2115 ού
874 2057 969 2136 μέντοι

382 2180 476 2235 ἱκανόν
486 2201 519 2257 γε
531 2178 609 2237 ἐσται
622 2180 798 2261 ἐπιτειχίζειν
809 2205 840 2238 τε
851 2182 969 2240 κωλύειν

382 2304 457 2380 ἡμᾶς
476 2303 649 2368 πλεύσαντας
669 2306 696 2370 ἐς
715 2305 768 2382 τήν
788 2307 902 2366 ἐκείνων
923 2313 969 2366 καὶ

382 2424 456 2508 ᾗπερ
472 2431 606 2509 ἰσχύομεν
621 2436 681 2495 ταῖς
696 2436 789 2488 ναυσὶν
805 2426 965 2508 ἀμύνεσθαι.

382 2551 475 2610 Πλέον
500 2554 552 2634 γὰρ
578 2556 660 2631 ἡμεῖς
688 2554 792 2636 ἐχομεν
819 2562 868 2642 τοῦ
897 2559 968 2616 κατὰ

382 2683 437 2754 γῆν
465 2678 497 2735 ἐκ
529 2684 579 2736 τοῦ
612 2685 741 2737 ναυτικοῦ
775 2681 916 2760 ἐμπειρίας
948 2680 966 2758 ’ή

383 2801 484 2858 ἐκεῖνοι
508 2803 540 2860 ἐκ
567 2808 616 2860 τοῦ
645 2803 713 2862 κατ’
734 2804 848 2886 ἤπειρον
878 2808 905 2873 ἐς
933 2810 968 2865 τὰ

382 2925 498 2985 ναυτικά
511 2927 554 3003 (e.
574 2926 641 3002 142,
658 2927 677 3002 ή
691 2935 723 2987 et
737 2930 832 3008 seq.).

445 3046 501 3108 Ἤν
516 3051 546 3110 τ’
563 3053 607 3110 ἐπὶ
622 3052 675 3129 τήν
690 3058 784 3134 χώραν
799 3056 881 3133 ήμῶν
896 3059 969 3138 πεζῇ

381 3179 471 3246 ἴωσιν,
484 3179 566 3256 ἡμεῖς
582 3178 626 3235 ἐπὶ
641 3176 694 3253 τήν
709 3179 822 3237 ἐκείνων
837 3181 971 3238 πλευσού-

383 3305 465 3380 μεθα,
483 3307 528 3360 καὶ
545 3301 638 3360 οὐκέτι
659 3305 691 3361 ἑκ
709 3309 759 3361 τοῦ
775 3307 872 3382 ὀμοίου
891 3305 968 3363 ἐσται

384 3427 603 3503 Πελοποννήσου
619 3429 701 3509 μέρος
720 3452 746 3486 τι
765 3434 907 3507 τμηθῆναι
923 3437 968 3489 καὶ

382 3550 435 3626 τήν
465 3549 602 3628 Ἀττικήν
630 3550 749 3614 ἅπασαν.
775 3555 812 3613 Οἵ
837 3557 887 3630 μέν
915 3552 968 3636 γάρ

382 3675 434 3756 οὐχ
451 3673 553 3744 ἕξουσιν
570 3676 659 3753 ἄλλην
675 3673 835 3736 άντιλαύεῖν
851 3673 965 3760 ἆμαχεὶ,

381 3803 450 3879 ἡμῖν
472 3802 502 3859 δέ
518 3803 576 3860 ἐστι
592 3810 629 3880 γῆ
649 3803 743 3880 πολλή
760 3809 805 3861 καὶ
826 3804 854 3861 ἐν
874 3805 967 3880 νήσοις

382 3932 427 3984 καί
448 3925 514 3984 κατ’
541 3925 666 4007 ἤπειρον·
693 3928 766 4006 μέγα
786 3928 838 4008 γάρ
862 3932 894 3986 τὸ
916 3936 967 4002 τῆς

381 4049 521 4126 θαλάσσης
551 4050 660 4131 κράτος.
693 4052 844 4134 Σκέψασθε
873 4053 914 4110 δὲ·
944 4057 967 4111 εί

381 4179 432 4254 μὲν
464 4178 515 4255 γὰρ
544 4169 618 4254 ήμεν
649 4184 794 4250 νησιῶται,
827 4179 899 4242 τίνες
934 4175 967 4234 θἰν

380 4297 565 4381 άληπτότεροι
585 4294 672 4377 ήσαν;
700 4307 745 4358 καὶΙ
770 4306 817 4358 νῦν
842 4299 898 4381 χρή
926 4299 966 4358 θ’τι

380 4426 522 4504 ἐγγύτατα
554 4429 655 4484 τούτου
689 4425 884 4500 διανοηθέντας
913 4423 967 4499 τήν

380 4553 431 4629 μἐν
460 4558 514 4629 γῆν
539 4556 584 4608 καὶ
604 4553 690 4616 οίκίας
714 4546 833 4632 άρεῖναι,
856 4558 907 4624 τῆς
937 4551 965 4606 δέ

379 4675 520 4750 θαλάσσης
531 4679 576 4732 καὶ
587 4675 695 4740 πόλεως
708 4673 835 4756 φυλακήν
849 4675 963 4755 ἐχειν...

378 4801 421 4878 (ε-
440 4797 505 4875 143,
523 4798 542 4874 ί
557 4807 590 4858 et
605 4801 699 4878 εντα·

1166 1641 1244 1723 Cap.
1269 1639 1313 1714 ΙΙ,
1335 1660 1407 1723 par.
1426 1641 1468 1718 4:

1088 1803 1209 1864 Ἔπειτα
1244 1805 1273 1862 δὲ
1309 1811 1367 1870 τοῖς
1405 1801 1518 1884 ἄρχουσι
1559 1811 1612 1878 τῆς

1026 1928 1166 2005 θαλάττης
1181 1928 1237 1987 οίύν
1253 1927 1282 1986 τ’
1310 1928 1368 1986 ἐστὶ
1390 1936 1479 1986 ποιεῖν
1494 1925 1563 2009 ἅπερ
1579 1927 1611 1987 ού

1024 2059 1082 2120 τοῖς
1097 2060 1148 2128 τῆς
1163 2061 1226 2130 γῆς,
1246 2054 1335 2112 ἐνίοτε
1354 2051 1466 2130 τέμνειν
1485 2051 1538 2128 τὴν
1556 2061 1612 2132 γῆν

1024 2186 1080 2236 τῶν
1092 2181 1267 2259 κρειττόνων
1279 2178 1434 2258 παραπλεῖν
1443 2178 1496 2258 γάρ
1505 2174 1612 2244 ἔξεστιν

1024 2303 1092 2362 θ’που
1113 2302 1144 2361 ἐν
1163 2303 1261 2381 μηδεὶς
1277 2298 1295 2384 ᾖ
1311 2302 1445 2381 πολέμιος
1459 2300 1477 2378 ή
1494 2300 1562 2360 ὅπου
1579 2299 1612 2360 ἐν

1024 2428 1123 2506 ὀλίγοι,
1150 2429 1197 2486 ἐὰν
1225 2428 1254 2486 δέ
1281 2429 1441 2507 προσίωσιν,
1469 2421 1614 2486 άναύάντα

1024 2549 1171 2612 οἰποπλεῖν.

1152 2889 1231 2971 Cap.
1255 2887 1298 2958 ΙΙ,
1322 2908 1391 2969 par.
1419 2889 1478 2965 14:
1534 2881 1537 2886 ’

1089 3051 1170 3117 Ἐνὸς
1197 3052 1227 3108 δέ
1257 3051 1359 3116 ἐνδεεῖς
1389 3054 1466 3108 εἰσιν·
1502 3054 1525 3108 εί
1558 3051 1613 3128 γὰρ

1024 3185 1109 3252 νῆσον
1122 3181 1261 3242 οἰκοῦντες
1274 3173 1529 3255 θαλαττοκράτορες
1538 3166 1613 3249 ἦσαν

1029 3299 1188 3377 Ἀθηναῖοι,
1209 3305 1334 3381 ὑπῆρχεν
1356 3297 1387 3356 θἰν
1408 3296 1501 3364 αὐτοῖς
1520 3305 1613 3356 ποιεῖν

1025 3431 1075 3506 μέν
1091 3435 1194 3496 κακῶς,
1213 3431 1236 3484 εί
1251 3421 1419 3502 ήύούλοντο,
1441 3421 1559 3503 πάσχειν
1582 3423 1613 3480 δέ

1024 3553 1124 3630 μηδὲν,
1144 3549 1195 3618 ἕως
1206 3559 1257 3626 τῆς
1268 3549 1408 3625 θαλάττης
1420 3543 1520 3629 ήρχον,
1536 3549 1614 3625 μηδὲ

1022 3679 1164 3754 τμηθῆναι
1185 3674 1238 3752 τήν
1254 3673 1345 3733 αὐτῶν
1359 3682 1413 3753 γῆν
1430 3673 1502 3752 μηδὲ
1522 3693 1615 3752 προσ-

1023 3801 1152 3881 δέχεσθαι
1170 3801 1232 3866 τοὺς
1251 3801 1400 3877 πολεμιόυς
1416 3842 1462 3858 ...
