<?xml version="1.0" encoding="UTF-8"?>
<!DOCTYPE html PUBLIC "-//W3C//DTD XHTML 1.0 Transitional//EN"
    "http://www.w3.org/TR/xhtml1/DTD/xhtml1-transitional.dtd">
<html xmlns="http://www.w3.org/1999/xhtml" xml:lang="en" lang="en">
 <head>
  <title>
</title>
<meta http-equiv="Content-Type" content="text/html;charset=utf-8" />
  <meta name='ocr-system' content='tesseract 3.04.00' />
  <meta name='ocr-capabilities' content='ocr_page ocr_carea ocr_par ocr_line ocrx_word'/>
</head>
<body>
  <div class='ocr_page' id='page_1' title='image "./delibelloquixen00dufogoog_0058.png"; bbox 0 0 3720 5912; ppageno 0'>
   <div class='ocr_carea' id='block_1_1' title="bbox 549 588 1496 664">
    <p class='ocr_par' dir='ltr' id='par_1_1' title="bbox 549 588 1496 664">
     <span class='ocr_line' id='line_1_1' title="bbox 549 588 1496 664; baseline -0.003 -18"><span class='ocrx_word' id='word_1_1' title='bbox 549 605 617 658; x_wconf 83' lang='lat' dir='ltr'><strong>Quo</strong></span> <span class='ocrx_word' id='word_1_2' title='bbox 640 603 795 646; x_wconf 75' lang='lat' dir='ltr'>TEMPORE</span> <span class='ocrx_word' id='word_1_3' title='bbox 818 603 975 646; x_wconf 78' lang='lat' dir='ltr'>LIBELLUS</span> <span class='ocrx_word' id='word_1_4' title='bbox 996 603 1045 648; x_wconf 78' lang='lat' dir='ltr'><strong>Sl&#39;l&#39;</strong></span> <span class='ocrx_word' id='word_1_5' title='bbox 1066 591 1221 646; x_wconf 78' lang='lat' dir='ltr'><strong>SCRIPTUS</strong></span> <span class='ocrx_word' id='word_1_6' title='bbox 1457 588 1496 664; x_wconf 59' lang='grc'><strong>49</strong></span> 
     </span>
    </p>
   </div>
   <div class='ocr_carea' id='block_1_2' title="bbox 274 771 1496 854">
    <p class='ocr_par' dir='ltr' id='par_1_2' title="bbox 274 771 1496 854">
     <span class='ocr_line' id='line_1_2' title="bbox 274 771 1496 854; baseline 0 -22"><span class='ocrx_word' id='word_1_7' title='bbox 274 772 337 832; x_wconf 92' lang='lat' dir='ltr'><strong>erit</strong></span> <span class='ocrx_word' id='word_1_8' title='bbox 360 771 443 852; x_wconf 87' lang='lat' dir='ltr'><strong>quin</strong></span> <span class='ocrx_word' id='word_1_9' title='bbox 464 791 503 832; x_wconf 91' lang='lat' dir='ltr'><strong>eo</strong></span> <span class='ocrx_word' id='word_1_10' title='bbox 526 779 674 853; x_wconf 90' lang='lat' dir='ltr'><strong>tempore</strong></span> <span class='ocrx_word' id='word_1_11' title='bbox 703 771 865 854; x_wconf 89' lang='lat' dir='ltr'><strong>seriptum</strong></span> <span class='ocrx_word' id='word_1_12' title='bbox 895 772 968 844; x_wconf 88' lang='lat' dir='ltr'><strong>erit,</strong></span> <span class='ocrx_word' id='word_1_13' title='bbox 996 792 1063 852; x_wconf 89' lang='lat' dir='ltr'><strong>quo</strong></span> <span class='ocrx_word' id='word_1_14' title='bbox 1087 771 1308 832; x_wconf 84' lang='lat' dir='ltr'><strong>Athenienses</strong></span> <span class='ocrx_word' id='word_1_15' title='bbox 1330 772 1496 833; x_wconf 87' lang='lat' dir='ltr'><strong>sociorum</strong></span> 
     </span>
    </p>
   </div>
   <div class='ocr_carea' id='block_1_3' title="bbox 215 883 1505 4734">
    <p class='ocr_par' dir='ltr' id='par_1_3' title="bbox 215 883 1505 4734">
     <span class='ocr_line' id='line_1_3' title="bbox 273 883 1499 980; baseline 0.002 -23"><span class='ocrx_word' id='word_1_16' title='bbox 273 897 495 980; x_wconf 77' lang='lat' dir='ltr'>principatum</span> <span class='ocrx_word' id='word_1_17' title='bbox 510 883 707 958; x_wconf 85' lang='lat' dir='ltr'><strong>obtinebant</strong></span> <span class='ocrx_word' id='word_1_18' title='bbox 722 897 994 979; x_wconf 90' lang='lat' dir='ltr'><strong>maritimumque</strong></span> <span class='ocrx_word' id='word_1_19' title='bbox 1007 897 1184 979; x_wconf 88' lang='lat' dir='ltr'><strong>imperium</strong></span> <span class='ocrx_word' id='word_1_20' title='bbox 1200 899 1271 958; x_wconf 87' lang='lat' dir='ltr'><strong>sine</strong></span> <span class='ocrx_word' id='word_1_21' title='bbox 1287 897 1354 960; x_wconf 85' lang='lat' dir='ltr'><strong>ulla</strong></span> <span class='ocrx_word' id='word_1_22' title='bbox 1368 907 1499 968; x_wconf 86' lang='lat' dir='ltr'><strong>contro-</strong></span> 
     </span>
     <span class='ocr_line' id='line_1_4' title="bbox 274 1021 1497 1086; baseline 0.002 -3"><span class='ocrx_word' id='word_1_23' title='bbox 274 1023 385 1084; x_wconf 85' lang='lat' dir='ltr'><strong>versie</strong></span> <span class='ocrx_word' id='word_1_24' title='bbox 399 1022 608 1084; x_wconf 76' lang='lat' dir='ltr'><strong>exercebant.</strong></span> <span class='ocrx_word' id='word_1_25' title='bbox 624 1021 806 1084; x_wconf 88' lang='lat' dir='ltr'><strong>Servorum</strong></span> <span class='ocrx_word' id='word_1_26' title='bbox 817 1023 906 1084; x_wconf 91' lang='lat' dir='ltr'><strong>enim</strong></span> <span class='ocrx_word' id='word_1_27' title='bbox 915 1023 989 1083; x_wconf 89' lang='lat' dir='ltr'><strong>loco</strong></span> <span class='ocrx_word' id='word_1_28' title='bbox 1002 1023 1109 1083; x_wconf 90' lang='lat' dir='ltr'><strong>socios</strong></span> <span class='ocrx_word' id='word_1_29' title='bbox 1120 1022 1343 1084; x_wconf 86' lang='lat' dir='ltr'><strong>Athenienses</strong></span> <span class='ocrx_word' id='word_1_30' title='bbox 1355 1024 1497 1086; x_wconf 85' lang='lat' dir='ltr'><strong>habent:</strong></span> 
     </span>
     <span class='ocr_line' id='line_1_5' title="bbox 275 1148 1501 1232; baseline -0.002 -22"><span class='ocrx_word' id='word_1_31' title='bbox 275 1153 349 1232; x_wconf 79' lang='grc' dir='ltr'>Πρός</span> <span class='ocrx_word' id='word_1_32' title='bbox 372 1151 402 1209; x_wconf 80' lang='grc' dir='ltr'><strong>δὲ</strong></span> <span class='ocrx_word' id='word_1_33' title='bbox 426 1154 544 1219; x_wconf 79' lang='grc' dir='ltr'>τούτοις,</span> <span class='ocrx_word' id='word_1_34' title='bbox 573 1154 595 1208; x_wconf 85' lang='grc' dir='ltr'>εί</span> <span class='ocrx_word' id='word_1_35' title='bbox 619 1153 670 1228; x_wconf 80' lang='grc' dir='ltr'><strong>μὲν</strong></span> <span class='ocrx_word' id='word_1_36' title='bbox 693 1148 733 1228; x_wconf 84' lang='grc' dir='ltr'><strong>μή</strong></span> <span class='ocrx_word' id='word_1_37' title='bbox 757 1151 801 1208; x_wconf 79' lang='grc' dir='ltr'><strong>ἐπὶ</strong></span> <span class='ocrx_word' id='word_1_38' title='bbox 824 1149 901 1216; x_wconf 78' lang='grc' dir='ltr'>δίκας</span> <span class='ocrx_word' id='word_1_39' title='bbox 924 1150 1011 1231; x_wconf 71' lang='grc' dir='ltr'>ᾔεσαν</span> <span class='ocrx_word' id='word_1_40' title='bbox 1036 1153 1060 1208; x_wconf 80' lang='grc' dir='ltr'><strong>οἱ</strong></span> <span class='ocrx_word' id='word_1_41' title='bbox 1076 1153 1230 1232; x_wconf 84' lang='grc' dir='ltr'>σύμμαχοι,</span> <span class='ocrx_word' id='word_1_42' title='bbox 1248 1149 1311 1217; x_wconf 78' lang='grc' dir='ltr'>τοὺς</span> <span class='ocrx_word' id='word_1_43' title='bbox 1331 1149 1501 1218; x_wconf 76' lang='grc' dir='ltr'>ἐκπλέοντας</span> 
     </span>
     <span class='ocr_line' id='line_1_6' title="bbox 259 1273 1501 1357; baseline -0.002 -22"><span class='ocrx_word' id='word_1_44' title='bbox 259 1275 440 1352; x_wconf 20' lang='grc' dir='ltr'>ΑἈθηναίων</span> <span class='ocrx_word' id='word_1_45' title='bbox 464 1277 567 1354; x_wconf 82' lang='grc' dir='ltr'>ἐτίμων</span> <span class='ocrx_word' id='word_1_46' title='bbox 593 1273 624 1334; x_wconf 69' lang='lat' dir='ltr'><strong>lv</strong></span> <span class='ocrx_word' id='word_1_47' title='bbox 641 1277 750 1354; x_wconf 85' lang='grc' dir='ltr'>μόνους,</span> <span class='ocrx_word' id='word_1_48' title='bbox 772 1279 836 1341; x_wconf 89' lang='grc' dir='ltr'>τούς</span> <span class='ocrx_word' id='word_1_49' title='bbox 858 1298 888 1333; x_wconf 93' lang='grc' dir='ltr'>τε</span> <span class='ocrx_word' id='word_1_50' title='bbox 914 1275 1087 1356; x_wconf 88' lang='grc' dir='ltr'>στρατηγοὺς</span> <span class='ocrx_word' id='word_1_51' title='bbox 1113 1281 1158 1333; x_wconf 88' lang='grc' dir='ltr'>καὶ</span> <span class='ocrx_word' id='word_1_52' title='bbox 1177 1275 1241 1342; x_wconf 87' lang='grc' dir='ltr'>τοὺς</span> <span class='ocrx_word' id='word_1_53' title='bbox 1256 1274 1440 1357; x_wconf 77' lang='grc' dir='ltr'>τριηράρχους</span> <span class='ocrx_word' id='word_1_54' title='bbox 1456 1280 1501 1334; x_wconf 88' lang='grc' dir='ltr'>καὶ</span> 
     </span>
     <span class='ocr_line' id='line_1_7' title="bbox 280 1397 1501 1482; baseline -0.002 -22"><span class='ocrx_word' id='word_1_55' title='bbox 280 1401 410 1468; x_wconf 86' lang='grc' dir='ltr'>&lt;τοὺς&gt;</span> <span class='ocrx_word' id='word_1_56' title='bbox 437 1398 576 1482; x_wconf 73' lang='grc' dir='ltr'>πρέσύεις</span> <span class='ocrx_word' id='word_1_57' title='bbox 599 1405 646 1458; x_wconf 78' lang='grc' dir='ltr'><strong>νῦν</strong></span> <span class='ocrx_word' id='word_1_58' title='bbox 666 1399 694 1460; x_wconf 83' lang='grc' dir='ltr'><strong>δ’</strong></span> <span class='ocrx_word' id='word_1_59' title='bbox 716 1397 891 1480; x_wconf 80' lang='grc' dir='ltr'>ἠνάγκασται</span> <span class='ocrx_word' id='word_1_60' title='bbox 912 1403 959 1458; x_wconf 78' lang='grc' dir='ltr'><strong>τόν</strong></span> <span class='ocrx_word' id='word_1_61' title='bbox 977 1401 1067 1478; x_wconf 76' lang='grc' dir='ltr'>δῆμον</span> <span class='ocrx_word' id='word_1_62' title='bbox 1083 1401 1246 1460; x_wconf 81' lang='grc' dir='ltr'>κολακεύειν</span> <span class='ocrx_word' id='word_1_63' title='bbox 1264 1397 1320 1458; x_wconf 76' lang='grc' dir='ltr'>τ’ῶν</span> <span class='ocrx_word' id='word_1_64' title='bbox 1341 1397 1501 1476; x_wconf 83' lang='grc' dir='ltr'>Ἀθηναίων</span> 
     </span>
     <span class='ocr_line' id='line_1_8' title="bbox 215 1521 1502 1609; baseline -0.002 -24"><span class='ocrx_word' id='word_1_65' title='bbox 215 1557 218 1564; x_wconf 92' lang='grc'><strong><em>·</em></strong></span> <span class='ocrx_word' id='word_1_66' title='bbox 277 1525 314 1594; x_wconf 75' lang='grc' dir='ltr'>εἷς</span> <span class='ocrx_word' id='word_1_67' title='bbox 332 1523 447 1593; x_wconf 79' lang='grc' dir='ltr'>ἕκαστος</span> <span class='ocrx_word' id='word_1_68' title='bbox 465 1534 521 1585; x_wconf 85' lang='grc' dir='ltr'><strong>τῶν</strong></span> <span class='ocrx_word' id='word_1_69' title='bbox 537 1525 706 1606; x_wconf 82' lang='grc' dir='ltr'>συμμάχων,</span> <span class='ocrx_word' id='word_1_70' title='bbox 719 1529 884 1604; x_wconf 82' lang='grc' dir='ltr'>γιγνώσκων</span> <span class='ocrx_word' id='word_1_71' title='bbox 898 1523 939 1584; x_wconf 87' lang='grc' dir='ltr'><strong>ότι</strong></span> <span class='ocrx_word' id='word_1_72' title='bbox 955 1524 998 1582; x_wconf 77' lang='grc' dir='ltr'>δεῖ</span> <span class='ocrx_word' id='word_1_73' title='bbox 1011 1528 1062 1603; x_wconf 80' lang='grc' dir='ltr'><strong>μὲν</strong></span> <span class='ocrx_word' id='word_1_74' title='bbox 1078 1521 1245 1609; x_wconf 77' lang='grc' dir='ltr'>ἀφικόμενον</span> <span class='ocrx_word' id='word_1_75' title='bbox 1264 1523 1404 1602; x_wconf 79' lang='grc' dir='ltr'>Ἀθήναζε</span> <span class='ocrx_word' id='word_1_76' title='bbox 1421 1526 1502 1602; x_wconf 78' lang='grc' dir='ltr'>δίκην</span> 
     </span>
     <span class='ocr_line' id='line_1_9' title="bbox 276 1646 1502 1731; baseline -0.002 -21"><span class='ocrx_word' id='word_1_77' title='bbox 276 1653 368 1710; x_wconf 72' lang='grc' dir='ltr'>δοῦναι</span> <span class='ocrx_word' id='word_1_78' title='bbox 394 1657 440 1710; x_wconf 87' lang='grc' dir='ltr'>καὶ</span> <span class='ocrx_word' id='word_1_79' title='bbox 462 1649 559 1730; x_wconf 81' lang='grc' dir='ltr'>λαόεῖν</span> <span class='ocrx_word' id='word_1_80' title='bbox 582 1649 633 1709; x_wconf 85' lang='grc' dir='ltr'>οὐκ</span> <span class='ocrx_word' id='word_1_81' title='bbox 657 1652 685 1708; x_wconf 85' lang='grc' dir='ltr'><strong>ἐν</strong></span> <span class='ocrx_word' id='word_1_82' title='bbox 701 1649 795 1716; x_wconf 90' lang='grc' dir='ltr'>άλλοις</span> <span class='ocrx_word' id='word_1_83' title='bbox 811 1655 881 1709; x_wconf 80' lang='grc' dir='ltr'>τισὶν</span> <span class='ocrx_word' id='word_1_84' title='bbox 904 1646 972 1708; x_wconf 78' lang='grc' dir='ltr'>ἀλλ’</span> <span class='ocrx_word' id='word_1_85' title='bbox 996 1651 1025 1708; x_wconf 82' lang='grc' dir='ltr'><strong>ἐν</strong></span> <span class='ocrx_word' id='word_1_86' title='bbox 1049 1651 1200 1731; x_wconf 79' lang='grc' dir='ltr'>τῷδήμῳ,</span> <span class='ocrx_word' id='word_1_87' title='bbox 1222 1649 1250 1718; x_wconf 87' lang='grc' dir='ltr'><strong>ός</strong></span> <span class='ocrx_word' id='word_1_88' title='bbox 1277 1651 1336 1709; x_wconf 80' lang='grc' dir='ltr'>ἐστι</span> <span class='ocrx_word' id='word_1_89' title='bbox 1362 1649 1397 1726; x_wconf 80' lang='grc' dir='ltr'><strong>δὴ</strong></span> <span class='ocrx_word' id='word_1_90' title='bbox 1420 1653 1502 1729; x_wconf 88' lang='grc' dir='ltr'>νόμος</span> 
     </span>
     <span class='ocr_line' id='line_1_10' title="bbox 281 1771 1502 1856; baseline -0.002 -21"><span class='ocrx_word' id='word_1_91' title='bbox 281 1775 432 1854; x_wconf 76' lang='grc' dir='ltr'>Ἀθήνησι·</span> <span class='ocrx_word' id='word_1_92' title='bbox 451 1783 496 1836; x_wconf 88' lang='grc' dir='ltr'>καὶ</span> <span class='ocrx_word' id='word_1_93' title='bbox 516 1773 698 1851; x_wconf 80' lang='grc' dir='ltr'>άντιύολῆσαι</span> <span class='ocrx_word' id='word_1_94' title='bbox 716 1771 902 1854; x_wconf 78' lang='grc' dir='ltr'>ἀναγκάζεται</span> <span class='ocrx_word' id='word_1_95' title='bbox 919 1777 947 1833; x_wconf 82' lang='grc' dir='ltr'><strong>ἐν</strong></span> <span class='ocrx_word' id='word_1_96' title='bbox 962 1782 1020 1842; x_wconf 89' lang='grc' dir='ltr'>τοῖς</span> <span class='ocrx_word' id='word_1_97' title='bbox 1037 1776 1224 1856; x_wconf 81' lang='grc' dir='ltr'>δικαστηρίοις</span> <span class='ocrx_word' id='word_1_98' title='bbox 1246 1780 1292 1834; x_wconf 84' lang='grc' dir='ltr'>καῖ</span> <span class='ocrx_word' id='word_1_99' title='bbox 1307 1779 1438 1842; x_wconf 79' lang='grc' dir='ltr'>εἰσιόντος</span> <span class='ocrx_word' id='word_1_100' title='bbox 1453 1792 1502 1834; x_wconf 82' lang='grc' dir='ltr'>του</span> 
     </span>
     <span class='ocr_line' id='line_1_11' title="bbox 276 1895 1502 1982; baseline -0.003 -22"><span class='ocrx_word' id='word_1_101' title='bbox 276 1899 513 1981; x_wconf 83' lang='grc' dir='ltr'>ἑπιλαμύάνεσθαι</span> <span class='ocrx_word' id='word_1_102' title='bbox 528 1908 579 1976; x_wconf 77' lang='grc' dir='ltr'><strong>τῆς</strong></span> <span class='ocrx_word' id='word_1_103' title='bbox 595 1903 696 1982; x_wconf 85' lang='grc' dir='ltr'>χειρός.</span> <span class='ocrx_word' id='word_1_104' title='bbox 713 1902 765 1958; x_wconf 84' lang='grc' dir='ltr'><strong>Διὰ</strong></span> <span class='ocrx_word' id='word_1_105' title='bbox 779 1905 862 1959; x_wconf 79' lang='grc' dir='ltr'>τοῦτο</span> <span class='ocrx_word' id='word_1_106' title='bbox 879 1895 925 1958; x_wconf 77' lang='grc' dir='ltr'><strong>ούν</strong></span> <span class='ocrx_word' id='word_1_107' title='bbox 941 1903 965 1958; x_wconf 87' lang='grc' dir='ltr'><strong>οἱ</strong></span> <span class='ocrx_word' id='word_1_108' title='bbox 981 1903 1124 1980; x_wconf 90' lang='grc' dir='ltr'>σύμμαχοι</span> <span class='ocrx_word' id='word_1_109' title='bbox 1141 1899 1256 1958; x_wconf 78' lang='grc' dir='ltr'>δοῦλοι</span> <span class='ocrx_word' id='word_1_110' title='bbox 1269 1905 1320 1958; x_wconf 79' lang='grc' dir='ltr'><strong>τοῦ</strong></span> <span class='ocrx_word' id='word_1_111' title='bbox 1340 1899 1431 1979; x_wconf 77' lang='grc' dir='ltr'>δήμου</span> <span class='ocrx_word' id='word_1_112' title='bbox 1446 1907 1502 1958; x_wconf 83' lang='grc' dir='ltr'><strong>τῶν</strong></span> 
     </span>
     <span class='ocr_line' id='line_1_12' title="bbox 280 2020 1505 2105; baseline -0.003 -19"><span class='ocrx_word' id='word_1_113' title='bbox 280 2025 440 2102; x_wconf 84' lang='grc' dir='ltr'>Ἀθηναίων</span> <span class='ocrx_word' id='word_1_114' title='bbox 466 2031 615 2086; x_wconf 79' lang='grc' dir='ltr'>καθιστᾶσι</span> <span class='ocrx_word' id='word_1_115' title='bbox 640 2026 748 2105; x_wconf 82' lang='grc' dir='ltr'>μᾶλλον</span> <span class='ocrx_word' id='word_1_116' title='bbox 772 2023 885 2104; x_wconf 72' lang='lat' dir='ltr'><strong>(capiis</strong></span> <span class='ocrx_word' id='word_1_117' title='bbox 914 2021 929 2082; x_wconf 94' lang='lat' dir='ltr'><strong>l</strong></span> <span class='ocrx_word' id='word_1_118' title='bbox 957 2042 1088 2105; x_wconf 89' lang='lat' dir='ltr'><strong>paragr.</strong></span> <span class='ocrx_word' id='word_1_119' title='bbox 1117 2023 1178 2102; x_wconf 85' lang='lat'><strong>18).</strong></span> <span class='ocrx_word' id='word_1_120' title='bbox 1208 2021 1287 2082; x_wconf 89' lang='lat' dir='ltr'><strong>Post</strong></span> <span class='ocrx_word' id='word_1_121' title='bbox 1313 2020 1505 2084; x_wconf 87' lang='lat' dir='ltr'><strong>absolutum</strong></span> 
     </span>
     <span class='ocr_line' id='line_1_13' title="bbox 275 2147 1502 2233; baseline 0 -23"><span class='ocrx_word' id='word_1_122' title='bbox 275 2150 597 2233; x_wconf 85' lang='lat' dir='ltr'><strong>Peloponnesiacum</strong></span> <span class='ocrx_word' id='word_1_123' title='bbox 619 2149 745 2210; x_wconf 87' lang='lat' dir='ltr'><strong>bellurn</strong></span> <span class='ocrx_word' id='word_1_124' title='bbox 767 2157 987 2229; x_wconf 88' lang='lat' dir='ltr'><strong>quartumque</strong></span> <span class='ocrx_word' id='word_1_125' title='bbox 1001 2168 1061 2230; x_wconf 91' lang='lat' dir='ltr'><strong>per</strong></span> <span class='ocrx_word' id='word_1_126' title='bbox 1082 2147 1230 2208; x_wconf 88' lang='lat' dir='ltr'><strong>seculum</strong></span> <span class='ocrx_word' id='word_1_127' title='bbox 1244 2156 1320 2208; x_wconf 88' lang='lat' dir='ltr'><strong>ante</strong></span> <span class='ocrx_word' id='word_1_128' title='bbox 1335 2147 1502 2210; x_wconf 81' lang='lat' dir='ltr'><strong>Christum</strong></span> 
     </span>
     <span class='ocr_line' id='line_1_14' title="bbox 274 2272 1500 2356; baseline -0.002 -20"><span class='ocrx_word' id='word_1_129' title='bbox 274 2286 390 2338; x_wconf 88' lang='lat' dir='ltr'><strong>natum</strong></span> <span class='ocrx_word' id='word_1_130' title='bbox 415 2276 638 2337; x_wconf 86' lang='lat' dir='ltr'><strong>Athenienses</strong></span> <span class='ocrx_word' id='word_1_131' title='bbox 669 2275 875 2336; x_wconf 90' lang='lat' dir='ltr'><strong>maritimum</strong></span> <span class='ocrx_word' id='word_1_132' title='bbox 904 2273 1082 2356; x_wconf 88' lang='lat' dir='ltr'><strong>imperium</strong></span> <span class='ocrx_word' id='word_1_133' title='bbox 1109 2273 1257 2354; x_wconf 90' lang='lat' dir='ltr'><strong>recipere</strong></span> <span class='ocrx_word' id='word_1_134' title='bbox 1292 2272 1500 2344; x_wconf 89' lang='lat' dir='ltr'><strong>studuerunt,</strong></span> 
     </span>
     <span class='ocr_line' id='line_1_15' title="bbox 275 2398 1500 2484; baseline -0.003 -21"><span class='ocrx_word' id='word_1_135' title='bbox 275 2402 335 2464; x_wconf 91' lang='lat' dir='ltr'><strong>sed</strong></span> <span class='ocrx_word' id='word_1_136' title='bbox 357 2403 578 2484; x_wconf 84' lang='lat' dir='ltr'><strong>principatum</strong></span> <span class='ocrx_word' id='word_1_137' title='bbox 599 2421 666 2462; x_wconf 92' lang='lat' dir='ltr'><strong>non</strong></span> <span class='ocrx_word' id='word_1_138' title='bbox 688 2410 757 2462; x_wconf 85' lang='lat' dir='ltr'><strong>tam</strong></span> <span class='ocrx_word' id='word_1_139' title='bbox 776 2401 909 2461; x_wconf 83' lang='lat' dir='ltr'><strong>firmum</strong></span> <span class='ocrx_word' id='word_1_140' title='bbox 936 2419 1036 2480; x_wconf 91' lang='lat' dir='ltr'><strong>quam</strong></span> <span class='ocrx_word' id='word_1_141' title='bbox 1063 2398 1204 2459; x_wconf 88' lang='lat' dir='ltr'><strong>Periclis</strong></span> <span class='ocrx_word' id='word_1_142' title='bbox 1229 2407 1336 2460; x_wconf 86' lang='lat' dir='ltr'><strong>aetate</strong></span> <span class='ocrx_word' id='word_1_143' title='bbox 1359 2419 1500 2481; x_wconf 89' lang='lat' dir='ltr'><strong>usurpa·</strong></span> 
     </span>
     <span class='ocr_line' id='line_1_16' title="bbox 274 2523 1499 2608; baseline -0.004 -20"><span class='ocrx_word' id='word_1_144' title='bbox 274 2535 404 2588; x_wconf 88' lang='lat' dir='ltr'><strong>verunt.</strong></span> <span class='ocrx_word' id='word_1_145' title='bbox 422 2525 537 2608; x_wconf 89' lang='lat' dir='ltr'><strong>Itaque</strong></span> <span class='ocrx_word' id='word_1_146' title='bbox 556 2547 625 2587; x_wconf 90' lang='lat' dir='ltr'><strong>non</strong></span> <span class='ocrx_word' id='word_1_147' title='bbox 639 2524 755 2586; x_wconf 93' lang='lat' dir='ltr'><strong>dubito</strong></span> <span class='ocrx_word' id='word_1_148' title='bbox 776 2526 857 2606; x_wconf 92' lang='lat' dir='ltr'><strong>quin</strong></span> <span class='ocrx_word' id='word_1_149' title='bbox 877 2525 913 2585; x_wconf 93' lang='lat' dir='ltr'><strong>in</strong></span> <span class='ocrx_word' id='word_1_150' title='bbox 928 2525 1013 2595; x_wconf 87' lang='lat' dir='ltr'><strong>loco,</strong></span> <span class='ocrx_word' id='word_1_151' title='bbox 1032 2544 1131 2604; x_wconf 91' lang='lat' dir='ltr'><strong>quem</strong></span> <span class='ocrx_word' id='word_1_152' title='bbox 1145 2533 1220 2585; x_wconf 83' lang='lat' dir='ltr'><strong>ante</strong></span> <span class='ocrx_word' id='word_1_153' title='bbox 1235 2523 1349 2584; x_wconf 86' lang='lat' dir='ltr'><strong>oculos</strong></span> <span class='ocrx_word' id='word_1_154' title='bbox 1364 2524 1499 2606; x_wconf 87' lang='lat' dir='ltr'><strong>protuli,</strong></span> 
     </span>
     <span class='ocr_line' id='line_1_17' title="bbox 275 2647 1503 2732; baseline -0.002 -20"><span class='ocrx_word' id='word_1_155' title='bbox 275 2652 316 2712; x_wconf 91' lang='lat' dir='ltr'><strong>de</strong></span> <span class='ocrx_word' id='word_1_156' title='bbox 338 2652 573 2723; x_wconf 87' lang='lat' dir='ltr'><strong>dominatione,</strong></span> <span class='ocrx_word' id='word_1_157' title='bbox 595 2660 671 2712; x_wconf 88' lang='lat' dir='ltr'><strong>ante</strong></span> <span class='ocrx_word' id='word_1_158' title='bbox 695 2649 1015 2732; x_wconf 85' lang='lat' dir='ltr'><strong>Peloponnesiacum</strong></span> <span class='ocrx_word' id='word_1_159' title='bbox 1029 2648 1156 2709; x_wconf 91' lang='lat' dir='ltr'><strong>bellum</strong></span> <span class='ocrx_word' id='word_1_160' title='bbox 1177 2647 1219 2709; x_wconf 90' lang='lat' dir='ltr'><strong>ab</strong></span> <span class='ocrx_word' id='word_1_161' title='bbox 1240 2647 1503 2710; x_wconf 90' lang='lat' dir='ltr'><strong>Atheniensibus</strong></span> 
     </span>
     <span class='ocr_line' id='line_1_18' title="bbox 274 2755 1503 2858; baseline -0.002 -22"><span class='ocrx_word' id='word_1_162' title='bbox 274 2776 436 2849; x_wconf 87' lang='lat' dir='ltr'><strong>adhibita,</strong></span> <span class='ocrx_word' id='word_1_163' title='bbox 457 2786 585 2858; x_wconf 85' lang='lat' dir='ltr'><strong>agatur.</strong></span> <span class='ocrx_word' id='word_1_164' title='bbox 608 2755 780 2838; x_wconf 85' lang='lat' dir='ltr'><strong>Praeterea</strong></span> <span class='ocrx_word' id='word_1_165' title='bbox 796 2775 876 2838; x_wconf 91' lang='lat' dir='ltr'><strong>socii</strong></span> <span class='ocrx_word' id='word_1_166' title='bbox 891 2774 1054 2836; x_wconf 85' lang='lat' dir='ltr'><strong>tributum</strong></span> <span class='ocrx_word' id='word_1_167' title='bbox 1078 2764 1223 2856; x_wconf 81' lang='lat' dir='ltr'><strong>pendere</strong></span> <span class='ocrx_word' id='word_1_168' title='bbox 1242 2774 1375 2846; x_wconf 91' lang='lat' dir='ltr'><strong>debent,</strong></span> <span class='ocrx_word' id='word_1_169' title='bbox 1400 2774 1503 2834; x_wconf 89' lang='lat' dir='ltr'><strong>Athe·</strong></span> 
     </span>
     <span class='ocr_line' id='line_1_19' title="bbox 274 2899 1502 2982; baseline -0.003 -20"><span class='ocrx_word' id='word_1_170' title='bbox 274 2901 472 2982; x_wconf 89' lang='lat' dir='ltr'><strong>niensesque</strong></span> <span class='ocrx_word' id='word_1_171' title='bbox 493 2900 708 2982; x_wconf 89' lang='lat' dir='ltr'><strong>vectigalium</strong></span> <span class='ocrx_word' id='word_1_172' title='bbox 723 2920 888 2960; x_wconf 90' lang='lat' dir='ltr'><strong>summam</strong></span> <span class='ocrx_word' id='word_1_173' title='bbox 911 2900 1028 2980; x_wconf 88' lang='lat' dir='ltr'><strong>quinto</strong></span> <span class='ocrx_word' id='word_1_174' title='bbox 1048 2919 1180 2980; x_wconf 92' lang='lat' dir='ltr'><strong>quoque</strong></span> <span class='ocrx_word' id='word_1_175' title='bbox 1195 2919 1284 2960; x_wconf 90' lang='lat' dir='ltr'><strong>anno</strong></span> <span class='ocrx_word' id='word_1_176' title='bbox 1298 2899 1502 2962; x_wconf 87' lang='lat' dir='ltr'><strong>constituere</strong></span> 
     </span>
     <span class='ocr_line' id='line_1_20' title="bbox 275 3023 1501 3108; baseline -0.002 -22"><span class='ocrx_word' id='word_1_177' title='bbox 275 3026 407 3088; x_wconf 81' lang='lat' dir='ltr'><strong>solent:</strong></span> <span class='ocrx_word' id='word_1_178' title='bbox 430 3029 530 3088; x_wconf 84' lang='grc' dir='ltr'>Πολλὰ</span> <span class='ocrx_word' id='word_1_179' title='bbox 552 3027 593 3086; x_wconf 75' lang='grc' dir='ltr'><strong>ἔτι</strong></span> <span class='ocrx_word' id='word_1_180' title='bbox 608 3027 679 3086; x_wconf 89' lang='grc' dir='ltr'>πάνυ</span> <span class='ocrx_word' id='word_1_181' title='bbox 701 3028 876 3108; x_wconf 84' lang='grc' dir='ltr'>παραλείπω·</span> <span class='ocrx_word' id='word_1_182' title='bbox 894 3030 926 3085; x_wconf 77' lang='grc' dir='ltr'><strong>τό</strong></span> <span class='ocrx_word' id='word_1_183' title='bbox 949 3028 978 3084; x_wconf 80' lang='grc' dir='ltr'><strong>δὲ</strong></span> <span class='ocrx_word' id='word_1_184' title='bbox 995 3027 1128 3106; x_wconf 83' lang='grc' dir='ltr'>μέγιστον</span> <span class='ocrx_word' id='word_1_185' title='bbox 1150 3029 1258 3106; x_wconf 78' lang='grc' dir='ltr'>εἴρηται</span> <span class='ocrx_word' id='word_1_186' title='bbox 1281 3025 1355 3102; x_wconf 77' lang='grc' dir='ltr'>πλὴν</span> <span class='ocrx_word' id='word_1_187' title='bbox 1371 3031 1397 3084; x_wconf 76' lang='lat' dir='ltr'><strong>ai</strong></span> <span class='ocrx_word' id='word_1_188' title='bbox 1412 3023 1501 3093; x_wconf 76' lang='grc' dir='ltr'>τάξεις</span> 
     </span>
     <span class='ocr_line' id='line_1_21' title="bbox 234 3149 1502 3237; baseline -0.002 -25"><span class='ocrx_word' id='word_1_189' title='bbox 234 3164 236 3166; x_wconf 80' lang='grc'><strong>’</strong></span> <span class='ocrx_word' id='word_1_190' title='bbox 274 3161 324 3212; x_wconf 78' lang='grc' dir='ltr'><strong>τοῦ</strong></span> <span class='ocrx_word' id='word_1_191' title='bbox 349 3157 442 3237; x_wconf 68' lang='grc' dir='ltr'>φόρου</span> <span class='ocrx_word' id='word_1_192' title='bbox 469 3160 552 3213; x_wconf 78' lang='grc' dir='ltr'>τοῦτο</span> <span class='ocrx_word' id='word_1_193' title='bbox 579 3155 608 3212; x_wconf 77' lang='grc' dir='ltr'><strong>δὲ</strong></span> <span class='ocrx_word' id='word_1_194' title='bbox 631 3157 754 3234; x_wconf 86' lang='grc' dir='ltr'>γίγνεται</span> <span class='ocrx_word' id='word_1_195' title='bbox 779 3157 815 3220; x_wconf 84' lang='grc' dir='ltr'><strong>ὡς</strong></span> <span class='ocrx_word' id='word_1_196' title='bbox 838 3155 873 3210; x_wconf 85' lang='grc' dir='ltr'><strong>τά</strong></span> <span class='ocrx_word' id='word_1_197' title='bbox 895 3154 987 3211; x_wconf 82' lang='grc' dir='ltr'>πολλὰ</span> <span class='ocrx_word' id='word_1_198' title='bbox 1011 3151 1051 3210; x_wconf 80' lang='grc' dir='ltr'><strong>δι’</strong></span> <span class='ocrx_word' id='word_1_199' title='bbox 1071 3153 1150 3218; x_wconf 73' lang='grc' dir='ltr'>ἔτους</span> <span class='ocrx_word' id='word_1_200' title='bbox 1174 3157 1304 3231; x_wconf 80' lang='grc' dir='ltr'>πεμπτοῦ</span> <span class='ocrx_word' id='word_1_201' title='bbox 1323 3151 1435 3232; x_wconf 86' lang='lat' dir='ltr'><strong>(capit.</strong></span> <span class='ocrx_word' id='word_1_202' title='bbox 1453 3149 1502 3210; x_wconf 89' lang='lat' dir='ltr'><strong>III</strong></span> 
     </span>
     <span class='ocr_line' id='line_1_22' title="bbox 273 3275 1501 3360; baseline -0.002 -22"><span class='ocrx_word' id='word_1_203' title='bbox 273 3297 409 3360; x_wconf 84' lang='lat' dir='ltr'><strong>paragr.</strong></span> <span class='ocrx_word' id='word_1_204' title='bbox 439 3277 480 3358; x_wconf 82' lang='lat'><strong>5).</strong></span> <span class='ocrx_word' id='word_1_205' title='bbox 505 3277 603 3338; x_wconf 88' lang='lat' dir='ltr'><strong>Adde</strong></span> <span class='ocrx_word' id='word_1_206' title='bbox 626 3277 717 3358; x_wconf 92' lang='lat' dir='ltr'><strong>quod</strong></span> <span class='ocrx_word' id='word_1_207' title='bbox 732 3277 814 3337; x_wconf 87' lang='lat' dir='ltr'><strong>socii</strong></span> <span class='ocrx_word' id='word_1_208' title='bbox 835 3277 877 3337; x_wconf 91' lang='lat' dir='ltr'><strong>ad</strong></span> <span class='ocrx_word' id='word_1_209' title='bbox 897 3278 952 3358; x_wconf 91' lang='lat' dir='ltr'><strong>jus</strong></span> <span class='ocrx_word' id='word_1_210' title='bbox 977 3275 1155 3357; x_wconf 87' lang='lat' dir='ltr'><strong>petendum</strong></span> <span class='ocrx_word' id='word_1_211' title='bbox 1179 3275 1329 3334; x_wconf 87' lang='lat' dir='ltr'><strong>Athenas</strong></span> <span class='ocrx_word' id='word_1_212' title='bbox 1343 3275 1501 3356; x_wconf 85' lang='lat' dir='ltr'><strong>navigare</strong></span> 
     </span>
     <span class='ocr_line' id='line_1_23' title="bbox 275 3400 1499 3482; baseline -0.002 -21"><span class='ocrx_word' id='word_1_213' title='bbox 275 3401 421 3464; x_wconf 83' lang='lat' dir='ltr'><strong>debent:</strong></span> <span class='ocrx_word' id='word_1_214' title='bbox 445 3410 531 3462; x_wconf 82' lang='grc' dir='ltr'>Δοκεῖ</span> <span class='ocrx_word' id='word_1_215' title='bbox 546 3405 575 3462; x_wconf 82' lang='grc' dir='ltr'><strong>δὲ</strong></span> <span class='ocrx_word' id='word_1_216' title='bbox 594 3405 711 3482; x_wconf 79' lang='grc' dir='ltr'>ὀδῆμος</span> <span class='ocrx_word' id='word_1_217' title='bbox 727 3409 740 3460; x_wconf 83' lang='grc' dir='ltr'>ό</span> <span class='ocrx_word' id='word_1_218' title='bbox 759 3401 919 3482; x_wconf 83' lang='grc' dir='ltr'>Ἀθηναίων</span> <span class='ocrx_word' id='word_1_219' title='bbox 940 3407 985 3459; x_wconf 87' lang='grc' dir='ltr'>καὶ</span> <span class='ocrx_word' id='word_1_220' title='bbox 1007 3403 1035 3459; x_wconf 82' lang='grc' dir='ltr'><strong>ἐν</strong></span> <span class='ocrx_word' id='word_1_221' title='bbox 1054 3401 1128 3482; x_wconf 82' lang='grc' dir='ltr'>τῷδε</span> <span class='ocrx_word' id='word_1_222' title='bbox 1148 3408 1240 3466; x_wconf 84' lang='grc' dir='ltr'>κακῶς</span> <span class='ocrx_word' id='word_1_223' title='bbox 1261 3401 1439 3478; x_wconf 88' lang='grc' dir='ltr'>βουλεύεσθαι</span> <span class='ocrx_word' id='word_1_224' title='bbox 1459 3400 1499 3459; x_wconf 81' lang='grc' dir='ltr'><strong>ὅτι</strong></span> 
     </span>
     <span class='ocr_line' id='line_1_24' title="bbox 274 3520 1499 3610; baseline -0.004 -23"><span class='ocrx_word' id='word_1_225' title='bbox 274 3530 338 3596; x_wconf 88' lang='grc' dir='ltr'>τούς</span> <span class='ocrx_word' id='word_1_226' title='bbox 363 3529 527 3610; x_wconf 71' lang='grc' dir='ltr'>συμμάχους</span> <span class='ocrx_word' id='word_1_227' title='bbox 549 3525 734 3608; x_wconf 75' lang='grc' dir='ltr'>ἀναγκάζουσι</span> <span class='ocrx_word' id='word_1_228' title='bbox 756 3528 837 3585; x_wconf 87' lang='grc' dir='ltr'>πλεῖν</span> <span class='ocrx_word' id='word_1_229' title='bbox 854 3529 898 3584; x_wconf 80' lang='grc' dir='ltr'><strong>ἐπὶ</strong></span> <span class='ocrx_word' id='word_1_230' title='bbox 921 3527 997 3592; x_wconf 83' lang='grc' dir='ltr'>δίκας</span> <span class='ocrx_word' id='word_1_231' title='bbox 1019 3525 1171 3602; x_wconf 73' lang='grc' dir='ltr'>Ἀθήναζε·</span> <span class='ocrx_word' id='word_1_232' title='bbox 1194 3527 1221 3582; x_wconf 83' lang='grc' dir='ltr'><strong>οἳ</strong></span> <span class='ocrx_word' id='word_1_233' title='bbox 1236 3525 1265 3583; x_wconf 79' lang='grc' dir='ltr'><strong>δὲ</strong></span> <span class='ocrx_word' id='word_1_234' title='bbox 1281 3520 1499 3603; x_wconf 79' lang='grc' dir='ltr'>άντιλογίζονται</span> 
     </span>
     <span class='ocr_line' id='line_1_25' title="bbox 275 3647 1501 3735; baseline -0.004 -23"><span class='ocrx_word' id='word_1_235' title='bbox 275 3653 326 3713; x_wconf 89' lang='grc' dir='ltr'><strong>όσα</strong></span> <span class='ocrx_word' id='word_1_236' title='bbox 341 3656 369 3712; x_wconf 84' lang='grc' dir='ltr'><strong>ὲν</strong></span> <span class='ocrx_word' id='word_1_237' title='bbox 388 3657 479 3735; x_wconf 79' lang='grc' dir='ltr'>τούτῳ</span> <span class='ocrx_word' id='word_1_238' title='bbox 501 3655 541 3712; x_wconf 72' lang='grc' dir='ltr'><strong>ἔνι</strong></span> <span class='ocrx_word' id='word_1_239' title='bbox 563 3651 654 3732; x_wconf 77' lang='grc' dir='ltr'>ἀγαθά</span> <span class='ocrx_word' id='word_1_240' title='bbox 677 3653 819 3734; x_wconf 79' lang='grc' dir='ltr'>τῷδήμῳ</span> <span class='ocrx_word' id='word_1_241' title='bbox 841 3649 1065 3726; x_wconf 82' lang='grc' dir='ltr'>τῶνἈθηναίων</span> <span class='ocrx_word' id='word_1_242' title='bbox 1089 3648 1202 3730; x_wconf 83' lang='lat' dir='ltr'><strong>(capit.</strong></span> <span class='ocrx_word' id='word_1_243' title='bbox 1219 3647 1235 3706; x_wconf 89' lang='lat' dir='ltr'><strong>l</strong></span> <span class='ocrx_word' id='word_1_244' title='bbox 1253 3667 1382 3730; x_wconf 81' lang='lat' dir='ltr'><strong>paragr.</strong></span> <span class='ocrx_word' id='word_1_245' title='bbox 1408 3647 1446 3708; x_wconf 87' lang='grc'><strong>16</strong></span> <span class='ocrx_word' id='word_1_246' title='bbox 1468 3656 1501 3708; x_wconf 84' lang='lat' dir='ltr'><strong>et</strong></span> 
     </span>
     <span class='ocr_line' id='line_1_26' title="bbox 276 3773 1501 3860; baseline -0.005 -20"><span class='ocrx_word' id='word_1_247' title='bbox 276 3787 375 3860; x_wconf 84' lang='lat' dir='ltr'><strong>seq.).</strong></span> <span class='ocrx_word' id='word_1_248' title='bbox 384 3777 475 3858; x_wconf 89' lang='lat' dir='ltr'><strong>Quid</strong></span> <span class='ocrx_word' id='word_1_249' title='bbox 489 3777 590 3860; x_wconf 90' lang='lat' dir='ltr'><strong>quod,</strong></span> <span class='ocrx_word' id='word_1_250' title='bbox 603 3776 825 3838; x_wconf 88' lang='lat' dir='ltr'><strong>Athenienses</strong></span> <span class='ocrx_word' id='word_1_251' title='bbox 839 3774 965 3836; x_wconf 89' lang='lat' dir='ltr'><strong>bellum</strong></span> <span class='ocrx_word' id='word_1_252' title='bbox 976 3781 1105 3856; x_wconf 91' lang='lat' dir='ltr'><strong>gerunt.</strong></span> <span class='ocrx_word' id='word_1_253' title='bbox 1116 3773 1257 3844; x_wconf 87' lang='lat' dir='ltr'><strong>Etenim,</strong></span> <span class='ocrx_word' id='word_1_254' title='bbox 1271 3794 1346 3834; x_wconf 92' lang='lat' dir='ltr'><strong>cum</strong></span> <span class='ocrx_word' id='word_1_255' title='bbox 1358 3773 1501 3855; x_wconf 86' lang='lat' dir='ltr'><strong>scriptor</strong></span> 
     </span>
     <span class='ocr_line' id='line_1_27' title="bbox 276 3897 1497 3985; baseline -0.005 -20"><span class='ocrx_word' id='word_1_256' title='bbox 276 3923 392 3965; x_wconf 87' lang='lat' dir='ltr'><strong>causas</strong></span> <span class='ocrx_word' id='word_1_257' title='bbox 414 3903 556 3985; x_wconf 84' lang='lat' dir='ltr'><strong>expedit,</strong></span> <span class='ocrx_word' id='word_1_258' title='bbox 573 3922 632 3963; x_wconf 90' lang='lat' dir='ltr'><strong>cur</strong></span> <span class='ocrx_word' id='word_1_259' title='bbox 646 3901 859 3982; x_wconf 88' lang='lat' dir='ltr'><strong>magistratus</strong></span> <span class='ocrx_word' id='word_1_260' title='bbox 880 3899 923 3960; x_wconf 90' lang='lat' dir='ltr'><strong>iis</strong></span> <span class='ocrx_word' id='word_1_261' title='bbox 939 3897 1093 3959; x_wconf 91' lang='lat' dir='ltr'><strong>omnibus</strong></span> <span class='ocrx_word' id='word_1_262' title='bbox 1113 3898 1302 3960; x_wconf 87' lang='lat' dir='ltr'><strong>satisfacere</strong></span> <span class='ocrx_word' id='word_1_263' title='bbox 1322 3906 1497 3980; x_wconf 87' lang='lat' dir='ltr'><strong>nequeant,</strong></span> 
     </span>
     <span class='ocr_line' id='line_1_28' title="bbox 276 4024 1500 4112; baseline -0.008 -20"><span class='ocrx_word' id='word_1_264' title='bbox 276 4031 333 4110; x_wconf 91' lang='lat' dir='ltr'><strong>qui</strong></span> <span class='ocrx_word' id='word_1_265' title='bbox 347 4033 401 4111; x_wconf 75' lang='lat' dir='ltr'><strong>Jus</strong></span> <span class='ocrx_word' id='word_1_266' title='bbox 427 4036 594 4112; x_wconf 84' lang='lat' dir='ltr'><strong>expetunt,</strong></span> <span class='ocrx_word' id='word_1_267' title='bbox 612 4027 700 4089; x_wconf 91' lang='lat' dir='ltr'><strong>hunc</strong></span> <span class='ocrx_word' id='word_1_268' title='bbox 718 4024 913 4088; x_wconf 90' lang='lat' dir='ltr'><strong>admodum</strong></span> <span class='ocrx_word' id='word_1_269' title='bbox 938 4024 1105 4106; x_wconf 89' lang='lat' dir='ltr'><strong>eloquitur</strong></span> <span class='ocrx_word' id='word_1_270' title='bbox 1129 4046 1136 4084; x_wconf 89' lang='lat'>:</span> <span class='ocrx_word' id='word_1_271' title='bbox 1164 4025 1286 4084; x_wconf 82' lang='grc' dir='ltr'>Ἔπειτα</span> <span class='ocrx_word' id='word_1_272' title='bbox 1305 4027 1333 4083; x_wconf 78' lang='grc' dir='ltr'><strong>δὲ</strong></span> <span class='ocrx_word' id='word_1_273' title='bbox 1357 4027 1433 4091; x_wconf 82' lang='grc' dir='ltr'>δίκας</span> <span class='ocrx_word' id='word_1_274' title='bbox 1454 4031 1500 4083; x_wconf 79' lang='grc' dir='ltr'>καὶ</span> 
     </span>
     <span class='ocr_line' id='line_1_29' title="bbox 277 4150 1499 4240; baseline -0.004 -26"><span class='ocrx_word' id='word_1_275' title='bbox 277 4159 381 4240; x_wconf 79' lang='grc' dir='ltr'>γραφάς</span> <span class='ocrx_word' id='word_1_276' title='bbox 400 4161 445 4215; x_wconf 82' lang='grc' dir='ltr'>καὶ</span> <span class='ocrx_word' id='word_1_277' title='bbox 461 4154 573 4222; x_wconf 82' lang='grc' dir='ltr'>εὐθύνας</span> <span class='ocrx_word' id='word_1_278' title='bbox 589 4154 744 4222; x_wconf 83' lang='grc' dir='ltr'>ἑκδικάζειν</span> <span class='ocrx_word' id='word_1_279' title='bbox 768 4153 832 4221; x_wconf 83' lang='grc' dir='ltr'>ὅσας</span> <span class='ocrx_word' id='word_1_280' title='bbox 848 4152 909 4212; x_wconf 81' lang='grc' dir='ltr'><strong>οὐδ’</strong></span> <span class='ocrx_word' id='word_1_281' title='bbox 932 4157 956 4211; x_wconf 84' lang='grc' dir='ltr'><strong>οἱ</strong></span> <span class='ocrx_word' id='word_1_282' title='bbox 973 4155 1130 4230; x_wconf 83' lang='grc' dir='ltr'>σύμπαντες</span> <span class='ocrx_word' id='word_1_283' title='bbox 1151 4151 1288 4233; x_wconf 88' lang='grc' dir='ltr'>άνθρωποι</span> <span class='ocrx_word' id='word_1_284' title='bbox 1312 4150 1499 4218; x_wconf 77' lang='grc' dir='ltr'>ἐκδικάζουσι·</span> 
     </span>
     <span class='ocr_line' id='line_1_30' title="bbox 276 4275 1500 4360; baseline -0.005 -21"><span class='ocrx_word' id='word_1_285' title='bbox 276 4280 330 4357; x_wconf 77' lang='grc' dir='ltr'><strong>τὴν</strong></span> <span class='ocrx_word' id='word_1_286' title='bbox 343 4283 372 4339; x_wconf 81' lang='grc' dir='ltr'><strong>δὲ</strong></span> <span class='ocrx_word' id='word_1_287' title='bbox 389 4280 493 4360; x_wconf 80' lang='grc' dir='ltr'>βουλὴν</span> <span class='ocrx_word' id='word_1_288' title='bbox 509 4283 687 4360; x_wconf 87' lang='grc' dir='ltr'>βουλεύεσθαι</span> <span class='ocrx_word' id='word_1_289' title='bbox 703 4281 796 4338; x_wconf 84' lang='grc' dir='ltr'>πολλὰ</span> <span class='ocrx_word' id='word_1_290' title='bbox 812 4284 863 4357; x_wconf 74' lang='grc' dir='ltr'><strong>μἐν</strong></span> <span class='ocrx_word' id='word_1_291' title='bbox 879 4283 1006 4360; x_wconf 79' lang='grc' dir='ltr'>περὶτοῦ</span> <span class='ocrx_word' id='word_1_292' title='bbox 1029 4277 1165 4356; x_wconf 84' lang='grc' dir='ltr'>πολέμου,</span> <span class='ocrx_word' id='word_1_293' title='bbox 1187 4275 1279 4334; x_wconf 83' lang='grc' dir='ltr'>πολλὰ</span> <span class='ocrx_word' id='word_1_294' title='bbox 1294 4276 1324 4333; x_wconf 75' lang='grc' dir='ltr'><strong>δὲ</strong></span> <span class='ocrx_word' id='word_1_295' title='bbox 1339 4281 1400 4355; x_wconf 74' lang='grc' dir='ltr'>περὶ</span> <span class='ocrx_word' id='word_1_296' title='bbox 1416 4279 1500 4357; x_wconf 88' lang='grc' dir='ltr'>πόρου</span> 
     </span>
     <span class='ocr_line' id='line_1_31' title="bbox 277 4398 1502 4487; baseline -0.003 -23"><span class='ocrx_word' id='word_1_297' title='bbox 277 4406 485 4487; x_wconf 83' lang='grc' dir='ltr'>χρημάτων...</span> <span class='ocrx_word' id='word_1_298' title='bbox 504 4404 617 4486; x_wconf 88' lang='lat' dir='ltr'><strong>(capit.</strong></span> <span class='ocrx_word' id='word_1_299' title='bbox 634 4402 684 4463; x_wconf 94' lang='lat' dir='ltr'><strong>lll</strong></span> <span class='ocrx_word' id='word_1_300' title='bbox 700 4423 832 4486; x_wconf 84' lang='lat' dir='ltr'><strong>paragr.</strong></span> <span class='ocrx_word' id='word_1_301' title='bbox 849 4403 891 4481; x_wconf 78' lang='lat' dir='ltr'><strong>a).</strong></span> <span class='ocrx_word' id='word_1_302' title='bbox 909 4401 984 4482; x_wconf 89' lang='lat' dir='ltr'><strong>Quo</strong></span> <span class='ocrx_word' id='word_1_303' title='bbox 999 4401 1034 4460; x_wconf 93' lang='lat' dir='ltr'><strong>in</strong></span> <span class='ocrx_word' id='word_1_304' title='bbox 1048 4400 1132 4474; x_wconf 86' lang='lat' dir='ltr'><strong>loce,</strong></span> <span class='ocrx_word' id='word_1_305' title='bbox 1149 4399 1178 4460; x_wconf 91' lang='lat' dir='ltr'><strong>si</strong></span> <span class='ocrx_word' id='word_1_306' title='bbox 1193 4398 1297 4459; x_wconf 89' lang='lat' dir='ltr'><strong>verba</strong></span> <span class='ocrx_word' id='word_1_307' title='bbox 1308 4420 1327 4459; x_wconf 94' lang='lat' dir='ltr'><strong>a</strong></span> <span class='ocrx_word' id='word_1_308' title='bbox 1340 4399 1502 4480; x_wconf 87' lang='lat' dir='ltr'><strong>scriptore</strong></span> 
     </span>
     <span class='ocr_line' id='line_1_32' title="bbox 277 4522 1502 4608; baseline -0.004 -20"><span class='ocrx_word' id='word_1_309' title='bbox 277 4527 426 4590; x_wconf 86' lang='lat' dir='ltr'><strong>adhibita</strong></span> <span class='ocrx_word' id='word_1_310' title='bbox 448 4529 490 4590; x_wconf 90' lang='lat' dir='ltr'><strong>ad</strong></span> <span class='ocrx_word' id='word_1_311' title='bbox 509 4528 707 4589; x_wconf 91' lang='lat' dir='ltr'><strong>sententiam</strong></span> <span class='ocrx_word' id='word_1_312' title='bbox 731 4526 989 4608; x_wconf 87' lang='lat' dir='ltr'><strong>expromendam</strong></span> <span class='ocrx_word' id='word_1_313' title='bbox 1010 4523 1229 4605; x_wconf 70' lang='lat' dir='ltr'><strong>perspexeris</strong></span> <span class='ocrx_word' id='word_1_314' title='bbox 1258 4543 1334 4583; x_wconf 92' lang='lat' dir='ltr'><strong>eum</strong></span> <span class='ocrx_word' id='word_1_315' title='bbox 1357 4522 1502 4584; x_wconf 92' lang='lat' dir='ltr'><strong>debello</strong></span> 
     </span>
     <span class='ocr_line' id='line_1_33' title="bbox 278 4647 1500 4734; baseline -0.004 -19"><span class='ocrx_word' id='word_1_316' title='bbox 278 4673 347 4714; x_wconf 93' lang='lat' dir='ltr'><strong>non</strong></span> <span class='ocrx_word' id='word_1_317' title='bbox 379 4653 573 4714; x_wconf 91' lang='lat' dir='ltr'><strong>imminente</strong></span> <span class='ocrx_word' id='word_1_318' title='bbox 609 4653 667 4714; x_wconf 89' lang='lat' dir='ltr'><strong>sed</strong></span> <span class='ocrx_word' id='word_1_319' title='bbox 691 4655 762 4734; x_wconf 87' lang='lat' dir='ltr'><strong>jam</strong></span> <span class='ocrx_word' id='word_1_320' title='bbox 795 4651 950 4712; x_wconf 88' lang='lat' dir='ltr'><strong>inchoato</strong></span> <span class='ocrx_word' id='word_1_321' title='bbox 979 4649 1088 4710; x_wconf 89' lang='lat' dir='ltr'><strong>dicere</strong></span> <span class='ocrx_word' id='word_1_322' title='bbox 1123 4667 1323 4729; x_wconf 89' lang='lat' dir='ltr'><strong>persuasum</strong></span> <span class='ocrx_word' id='word_1_323' title='bbox 1350 4647 1500 4710; x_wconf 87' lang='lat' dir='ltr'><strong>habebis.</strong></span> 
     </span>
    </p>
   </div>
   <div class='ocr_carea' id='block_1_4' title="bbox 278 4763 1529 4862">
    <p class='ocr_par' dir='ltr' id='par_1_4' title="bbox 278 4763 1529 4862">
     <span class='ocr_line' id='line_1_34' title="bbox 278 4763 1529 4862; baseline -0.004 -24"><span class='ocrx_word' id='word_1_324' title='bbox 278 4763 410 4840; x_wconf 76' lang='lat' dir='ltr'><strong>Etenim</strong></span> <span class='ocrx_word' id='word_1_325' title='bbox 425 4797 531 4860; x_wconf 84' lang='lat' dir='ltr'><strong>neque</strong></span> <span class='ocrx_word' id='word_1_326' title='bbox 546 4786 607 4862; x_wconf 85' lang='grc' dir='ltr'>περὶ</span> <span class='ocrx_word' id='word_1_327' title='bbox 621 4780 747 4860; x_wconf 81' lang='grc' dir='ltr'>πολέμου</span> <span class='ocrx_word' id='word_1_328' title='bbox 770 4785 815 4837; x_wconf 86' lang='grc' dir='ltr'>καὶ</span> <span class='ocrx_word' id='word_1_329' title='bbox 839 4779 950 4860; x_wconf 79' lang='grc' dir='ltr'>εἰρήνης</span> <span class='ocrx_word' id='word_1_330' title='bbox 971 4793 1080 4856; x_wconf 88' lang='lat' dir='ltr'><strong>neque</strong></span> <span class='ocrx_word' id='word_1_331' title='bbox 1101 4780 1162 4856; x_wconf 87' lang='grc' dir='ltr'>περὶ</span> <span class='ocrx_word' id='word_1_332' title='bbox 1184 4775 1310 4854; x_wconf 77' lang='grc' dir='ltr'>πολέμου</span> <span class='ocrx_word' id='word_1_333' title='bbox 1335 4772 1426 4843; x_wconf 85' lang='lat' dir='ltr'><strong>dixit,</strong></span> <span class='ocrx_word' id='word_1_334' title='bbox 1445 4773 1504 4834; x_wconf 85' lang='lat' dir='ltr'><strong>sed</strong></span> <span class='ocrx_word' id='word_1_335' title='bbox 1526 4833 1529 4840; x_wconf 85' lang='grc'><em>,</em></span> 
     </span>
    </p>
   </div>
   <div class='ocr_carea' id='block_1_5' title="bbox 1247 4980 1421 5023">
    <p class='ocr_par' dir='ltr' id='par_1_5' title="bbox 1247 4980 1421 5023">
     <span class='ocr_line' id='line_1_35' title="bbox 1247 4980 1421 5023; baseline 0 -1"><span class='ocrx_word' id='word_1_336' title='bbox 1247 4980 1340 5023; x_wconf 88' lang='lat' dir='ltr'><strong>Dulour.</strong></span> <span class='ocrx_word' id='word_1_337' title='bbox 1357 5004 1385 5012; x_wconf 94' lang='lat'><em>-</em></span> <span class='ocrx_word' id='word_1_338' title='bbox 1398 4983 1421 5022; x_wconf 74' lang='grc'><strong>4.</strong></span> 
     </span>
    </p>
   </div>
   <div class='ocr_carea' id='block_1_6' title="bbox 0 0 1869 5912">
    <p class='ocr_par' dir='ltr' id='par_1_6' title="bbox 0 0 1869 5912">
     <span class='ocr_line' id='line_1_36' title="bbox 0 0 1869 5912; baseline 0 0"><span class='ocrx_word' id='word_1_339' title='bbox 0 0 1869 5912; x_wconf 95' lang='lat' dir='ltr'><strong> </strong></span> 
     </span>
    </p>
   </div>
  </div>
 </body>
</html>
