<?xml version="1.0" encoding="UTF-8"?>
<!DOCTYPE html PUBLIC "-//W3C//DTD XHTML 1.0 Transitional//EN"
    "http://www.w3.org/TR/xhtml1/DTD/xhtml1-transitional.dtd">
<html xmlns="http://www.w3.org/1999/xhtml" xml:lang="en" lang="en">
 <head>
  <title>
</title>
<meta http-equiv="Content-Type" content="text/html;charset=utf-8" />
  <meta name='ocr-system' content='tesseract 3.04.00' />
  <meta name='ocr-capabilities' content='ocr_page ocr_carea ocr_par ocr_line ocrx_word'/>
</head>
<body>
  <div class='ocr_page' id='page_1' title='image "./delibelloquixen00dufogoog_0021.png"; bbox 0 0 3720 5912; ppageno 0'>
   <div class='ocr_carea' id='block_1_1' title="bbox 399 645 1286 688">
    <p class='ocr_par' dir='ltr' id='par_1_1' title="bbox 399 645 1286 688">
     <span class='ocr_line' id='line_1_1' title="bbox 399 645 1286 688; baseline 0.002 -2"><span class='ocrx_word' id='word_1_1' title='bbox 399 647 433 686; x_wconf 77' lang='lat' dir='ltr'><strong>ta</strong></span> <span class='ocrx_word' id='word_1_2' title='bbox 728 645 772 688; x_wconf 72' lang='lat' dir='ltr'><strong>DE</strong></span> <span class='ocrx_word' id='word_1_3' title='bbox 793 645 922 688; x_wconf 69' lang='lat' dir='ltr'><strong>elenu</strong></span> <span class='ocrx_word' id='word_1_4' title='bbox 945 645 1061 687; x_wconf 70' lang='lat' dir='ltr'><strong>FORMA</strong></span> <span class='ocrx_word' id='word_1_5' title='bbox 1083 646 1286 688; x_wconf 70' lang='lat' dir='ltr'><strong>ntsrurarto</strong></span> 
     </span>
    </p>
   </div>
   <div class='ocr_carea' id='block_1_2' title="bbox 395 813 1629 4398">
    <p class='ocr_par' dir='ltr' id='par_1_2' title="bbox 395 813 1621 1272">
     <span class='ocr_line' id='line_1_2' title="bbox 396 813 1618 896; baseline -0.001 -22"><span class='ocrx_word' id='word_1_6' title='bbox 396 813 546 876; x_wconf 89' lang='lat' dir='ltr'><strong>tissimae</strong></span> <span class='ocrx_word' id='word_1_7' title='bbox 580 833 701 895; x_wconf 83' lang='lat' dir='ltr'><strong>easque</strong></span> <span class='ocrx_word' id='word_1_8' title='bbox 738 815 843 876; x_wconf 87' lang='lat' dir='ltr'><strong>miror</strong></span> <span class='ocrx_word' id='word_1_9' title='bbox 884 813 1046 876; x_wconf 89' lang='lat' dir='ltr'><strong>Cobctum</strong></span> <span class='ocrx_word' id='word_1_10' title='bbox 1086 817 1224 896; x_wconf 88' lang='lat' dir='ltr'><strong>ejusque</strong></span> <span class='ocrx_word' id='word_1_11' title='bbox 1262 814 1446 896; x_wconf 89' lang='lat' dir='ltr'><strong>discipulos</strong></span> <span class='ocrx_word' id='word_1_12' title='bbox 1483 813 1618 895; x_wconf 81' lang='lat' dir='ltr'><strong>fugisse.</strong></span> 
     </span>
     <span class='ocr_line' id='line_1_3' title="bbox 395 937 1620 1020; baseline 0 -22"><span class='ocrx_word' id='word_1_13' title='bbox 395 937 522 999; x_wconf 82' lang='lat' dir='ltr'>Omnes</span> <span class='ocrx_word' id='word_1_14' title='bbox 547 939 635 999; x_wconf 90' lang='lat' dir='ltr'><strong>enim</strong></span> <span class='ocrx_word' id='word_1_15' title='bbox 664 940 721 1020; x_wconf 93' lang='lat' dir='ltr'><strong>qui</strong></span> <span class='ocrx_word' id='word_1_16' title='bbox 760 939 801 1000; x_wconf 91' lang='lat' dir='ltr'><strong>de</strong></span> <span class='ocrx_word' id='word_1_17' title='bbox 831 941 959 1000; x_wconf 85' lang='lat' dir='ltr'><strong>ratione</strong></span> <span class='ocrx_word' id='word_1_18' title='bbox 989 939 1122 1002; x_wconf 91' lang='lat' dir='ltr'><strong>dicendi</strong></span> <span class='ocrx_word' id='word_1_19' title='bbox 1153 940 1384 1000; x_wconf 74' lang='lat' dir='ltr'><strong>disseruerunt</strong></span> <span class='ocrx_word' id='word_1_20' title='bbox 1419 949 1452 1000; x_wconf 90' lang='lat' dir='ltr'><strong>et</strong></span> <span class='ocrx_word' id='word_1_21' title='bbox 1486 957 1620 1020; x_wconf 85' lang='lat' dir='ltr'><strong>praece-</strong></span> 
     </span>
     <span class='ocr_line' id='line_1_4' title="bbox 395 1063 1621 1146; baseline 0 -22"><span class='ocrx_word' id='word_1_22' title='bbox 395 1072 515 1144; x_wconf 87' lang='lat' dir='ltr'><strong>perunt</strong></span> <span class='ocrx_word' id='word_1_23' title='bbox 545 1064 661 1146; x_wconf 80' lang='lat' dir='ltr'><strong>liguris</strong></span> <span class='ocrx_word' id='word_1_24' title='bbox 686 1065 752 1126; x_wconf 90' lang='lat' dir='ltr'><strong>illis</strong></span> <span class='ocrx_word' id='word_1_25' title='bbox 778 1064 923 1126; x_wconf 83' lang='lat' dir='ltr'><strong>dilucide</strong></span> <span class='ocrx_word' id='word_1_26' title='bbox 952 1064 1150 1126; x_wconf 82' lang='lat' dir='ltr'><strong>definiendis</strong></span> <span class='ocrx_word' id='word_1_27' title='bbox 1176 1084 1311 1146; x_wconf 90' lang='lat' dir='ltr'><strong>operam</strong></span> <span class='ocrx_word' id='word_1_28' title='bbox 1336 1063 1500 1124; x_wconf 89' lang='lat' dir='ltr'><strong>dederunt</strong></span> <span class='ocrx_word' id='word_1_29' title='bbox 1521 1073 1621 1144; x_wconf 87' lang='lat' dir='ltr'><strong>atque</strong></span> 
     </span>
     <span class='ocr_line' id='line_1_5' title="bbox 397 1181 1559 1272; baseline 0.002 -26"><span class='ocrx_word' id='word_1_30' title='bbox 397 1189 448 1248; x_wconf 84' lang='lat' dir='ltr'><strong>vel</strong></span> <span class='ocrx_word' id='word_1_31' title='bbox 474 1181 765 1251; x_wconf 70' lang='lat' dir='ltr'><strong>sermocinationes</strong></span> <span class='ocrx_word' id='word_1_32' title='bbox 794 1190 848 1249; x_wconf 84' lang='lat' dir='ltr'><strong>rel</strong></span> <span class='ocrx_word' id='word_1_33' title='bbox 875 1189 1162 1272; x_wconf 68' lang='lat' dir='ltr'><em>conformationes</em></span> <span class='ocrx_word' id='word_1_34' title='bbox 1190 1210 1245 1250; x_wconf 90' lang='lat' dir='ltr'><strong>eas</strong></span> <span class='ocrx_word' id='word_1_35' title='bbox 1276 1197 1480 1249; x_wconf 81' lang='lat' dir='ltr'><strong>rocaverunt</strong></span> <span class='ocrx_word' id='word_1_36' title='bbox 1501 1189 1559 1266; x_wconf 90' lang='lat'>(1).</span> 
     </span>
    </p>

    <p class='ocr_par' dir='ltr' id='par_1_3' title="bbox 396 1313 1629 3002">
     <span class='ocr_line' id='line_1_6' title="bbox 456 1313 1622 1397; baseline -0.002 -21"><span class='ocrx_word' id='word_1_37' title='bbox 456 1313 554 1376; x_wconf 81' lang='lat' dir='ltr'><strong>Adde</strong></span> <span class='ocrx_word' id='word_1_38' title='bbox 582 1316 672 1396; x_wconf 90' lang='lat' dir='ltr'><strong>quod</strong></span> <span class='ocrx_word' id='word_1_39' title='bbox 694 1335 762 1376; x_wconf 90' lang='lat' dir='ltr'><strong>non</strong></span> <span class='ocrx_word' id='word_1_40' title='bbox 789 1315 971 1397; x_wconf 89' lang='lat' dir='ltr'><strong>tranquilla</strong></span> <span class='ocrx_word' id='word_1_41' title='bbox 995 1325 1105 1376; x_wconf 86' lang='lat' dir='ltr'><strong>mente</strong></span> <span class='ocrx_word' id='word_1_42' title='bbox 1128 1316 1187 1375; x_wconf 89' lang='lat' dir='ltr'><strong>sed</strong></span> <span class='ocrx_word' id='word_1_43' title='bbox 1216 1316 1270 1376; x_wconf 83' lang='lat' dir='ltr'><strong>vel</strong></span> <span class='ocrx_word' id='word_1_44' title='bbox 1296 1317 1442 1376; x_wconf 80' lang='lat' dir='ltr'><strong>maximo</strong></span> <span class='ocrx_word' id='word_1_45' title='bbox 1465 1315 1622 1376; x_wconf 89' lang='lat' dir='ltr'><strong>incensus</strong></span> 
     </span>
     <span class='ocr_line' id='line_1_7' title="bbox 396 1439 1623 1522; baseline 0 -22"><span class='ocrx_word' id='word_1_46' title='bbox 396 1439 506 1501; x_wconf 86' lang='lat' dir='ltr'><strong>studio</strong></span> <span class='ocrx_word' id='word_1_47' title='bbox 541 1441 685 1522; x_wconf 84' lang='lat' dir='ltr'><strong>scriptor</strong></span> <span class='ocrx_word' id='word_1_48' title='bbox 704 1441 919 1502; x_wconf 74' lang='lat' dir='ltr'><strong>&#39;sententiam</strong></span> <span class='ocrx_word' id='word_1_49' title='bbox 947 1461 1042 1502; x_wconf 89' lang='lat' dir='ltr'><strong>suam</strong></span> <span class='ocrx_word' id='word_1_50' title='bbox 1075 1441 1115 1502; x_wconf 89' lang='lat' dir='ltr'><strong>de</strong></span> <span class='ocrx_word' id='word_1_51' title='bbox 1144 1461 1180 1501; x_wconf 90' lang='lat' dir='ltr'><strong>re</strong></span> <span class='ocrx_word' id='word_1_52' title='bbox 1209 1440 1342 1522; x_wconf 91' lang='lat' dir='ltr'><strong>publica</strong></span> <span class='ocrx_word' id='word_1_53' title='bbox 1367 1441 1623 1500; x_wconf 75' lang='lat' dir='ltr'><strong>Atheniensium</strong></span> 
     </span>
     <span class='ocr_line' id='line_1_8' title="bbox 397 1563 1622 1647; baseline -0.002 -21"><span class='ocrx_word' id='word_1_54' title='bbox 397 1564 553 1626; x_wconf 74' lang='lat' dir='ltr'><strong>declarat.</strong></span> <span class='ocrx_word' id='word_1_55' title='bbox 585 1563 620 1626; x_wconf 90' lang='lat' dir='ltr'><strong>Si</strong></span> <span class='ocrx_word' id='word_1_56' title='bbox 647 1565 737 1646; x_wconf 91' lang='lat' dir='ltr'><strong>qnod</strong></span> <span class='ocrx_word' id='word_1_57' title='bbox 765 1575 996 1646; x_wconf 83' lang='lat' dir='ltr'><strong>argumentum</strong></span> <span class='ocrx_word' id='word_1_58' title='bbox 1025 1574 1141 1626; x_wconf 87' lang='lat' dir='ltr'><strong>contra</strong></span> <span class='ocrx_word' id='word_1_59' title='bbox 1163 1565 1399 1647; x_wconf 81' lang='lat' dir='ltr'><strong>proferendum</strong></span> <span class='ocrx_word' id='word_1_60' title='bbox 1426 1583 1499 1626; x_wconf 90' lang='lat' dir='ltr'><strong>esse</strong></span> <span class='ocrx_word' id='word_1_61' title='bbox 1518 1573 1622 1646; x_wconf 89' lang='lat' dir='ltr'><strong>putat,</strong></span> 
     </span>
     <span class='ocr_line' id='line_1_9' title="bbox 397 1689 1623 1772; baseline -0.001 -22"><span class='ocrx_word' id='word_1_62' title='bbox 397 1689 545 1750; x_wconf 91' lang='lat' dir='ltr'><strong>omnium</strong></span> <span class='ocrx_word' id='word_1_63' title='bbox 564 1691 671 1751; x_wconf 90' lang='lat' dir='ltr'><strong>instar</strong></span> <span class='ocrx_word' id='word_1_64' title='bbox 697 1711 839 1772; x_wconf 89' lang='lat' dir='ltr'><strong>qnorum</strong></span> <span class='ocrx_word' id='word_1_65' title='bbox 863 1690 1050 1752; x_wconf 78' lang='lat' dir='ltr'><strong>exardescit</strong></span> <span class='ocrx_word' id='word_1_66' title='bbox 1074 1692 1224 1752; x_wconf 84' lang='lat' dir='ltr'><strong>veritatis</strong></span> <span class='ocrx_word' id='word_1_67' title='bbox 1249 1710 1353 1766; x_wconf 90' lang='lat' dir='ltr'><strong>amor,</strong></span> <span class='ocrx_word' id='word_1_68' title='bbox 1376 1692 1485 1750; x_wconf 88' lang='lat' dir='ltr'><strong>fictam</strong></span> <span class='ocrx_word' id='word_1_69' title='bbox 1508 1690 1623 1750; x_wconf 79' lang='lat' dir='ltr'><strong>adver-</strong></span> 
     </span>
     <span class='ocr_line' id='line_1_10' title="bbox 398 1816 1625 1898; baseline 0 -22"><span class='ocrx_word' id='word_1_70' title='bbox 398 1817 476 1876; x_wconf 87' lang='lat' dir='ltr'><strong>sarii</strong></span> <span class='ocrx_word' id='word_1_71' title='bbox 507 1816 646 1896; x_wconf 88' lang='lat' dir='ltr'><strong>alicujus</strong></span> <span class='ocrx_word' id='word_1_72' title='bbox 683 1835 860 1898; x_wconf 89' lang='lat' dir='ltr'><strong>personam</strong></span> <span class='ocrx_word' id='word_1_73' title='bbox 890 1817 1028 1888; x_wconf 85' lang='lat' dir='ltr'><strong>inducit,</strong></span> <span class='ocrx_word' id='word_1_74' title='bbox 1060 1837 1203 1898; x_wconf 91' lang='lat' dir='ltr'><strong>quocum</strong></span> <span class='ocrx_word' id='word_1_75' title='bbox 1234 1816 1436 1896; x_wconf 83' lang='lat' dir='ltr'><strong>colloquitur</strong></span> <span class='ocrx_word' id='word_1_76' title='bbox 1466 1817 1625 1897; x_wconf 85' lang='lat' dir='ltr'><strong>cujusque</strong></span> 
     </span>
     <span class='ocr_line' id='line_1_11' title="bbox 399 1939 1626 2023; baseline -0.003 -21"><span class='ocrx_word' id='word_1_77' title='bbox 399 1943 562 2003; x_wconf 88' lang='lat' dir='ltr'><strong>rationem</strong></span> <span class='ocrx_word' id='word_1_78' title='bbox 587 1941 781 2023; x_wconf 83' lang='lat' dir='ltr'><strong>‹lisputandi</strong></span> <span class='ocrx_word' id='word_1_79' title='bbox 805 1941 991 2003; x_wconf 83' lang='lat' dir='ltr'><strong>labefactat.</strong></span> <span class='ocrx_word' id='word_1_80' title='bbox 1021 1941 1194 2003; x_wconf 88' lang='lat' dir='ltr'><strong>Praeterea</strong></span> <span class='ocrx_word' id='word_1_81' title='bbox 1218 1943 1288 2002; x_wconf 84' lang='lat' dir='ltr'><strong>veri</strong></span> <span class='ocrx_word' id='word_1_82' title='bbox 1311 1941 1519 2002; x_wconf 88' lang='lat' dir='ltr'><strong>simillimum</strong></span> <span class='ocrx_word' id='word_1_83' title='bbox 1542 1939 1626 1999; x_wconf 92' lang='lat' dir='ltr'><strong>mihi</strong></span> 
     </span>
     <span class='ocr_line' id='line_1_12' title="bbox 398 2065 1626 2148; baseline 0 -24"><span class='ocrx_word' id='word_1_84' title='bbox 398 2065 532 2126; x_wconf 89' lang='lat' dir='ltr'><strong>videtur</strong></span> <span class='ocrx_word' id='word_1_85' title='bbox 554 2065 748 2147; x_wconf 88' lang='lat' dir='ltr'><strong>opusculum</strong></span> <span class='ocrx_word' id='word_1_86' title='bbox 770 2065 855 2126; x_wconf 92' lang='lat' dir='ltr'><strong>illud</strong></span> <span class='ocrx_word' id='word_1_87' title='bbox 882 2065 1137 2148; x_wconf 87' lang='lat' dir='ltr'><em>Xenophontem</em></span> <span class='ocrx_word' id='word_1_88' title='bbox 1162 2067 1267 2127; x_wconf 91' lang='lat' dir='ltr'><strong>multo</strong></span> <span class='ocrx_word' id='word_1_89' title='bbox 1289 2074 1394 2126; x_wconf 88' lang='lat' dir='ltr'><strong>aetate</strong></span> <span class='ocrx_word' id='word_1_90' title='bbox 1414 2083 1626 2147; x_wconf 88' lang='lat' dir='ltr'><strong>praecurrere</strong></span> 
     </span>
     <span class='ocr_line' id='line_1_13' title="bbox 400 2191 1624 2272; baseline -0.003 -20"><span class='ocrx_word' id='word_1_91' title='bbox 400 2201 497 2272; x_wconf 90' lang='lat' dir='ltr'><strong>atque</strong></span> <span class='ocrx_word' id='word_1_92' title='bbox 525 2191 623 2252; x_wconf 91' lang='lat' dir='ltr'><strong>etiam</strong></span> <span class='ocrx_word' id='word_1_93' title='bbox 649 2191 916 2271; x_wconf 90' lang='lat' dir='ltr'><strong>antiquissimum</strong></span> <span class='ocrx_word' id='word_1_94' title='bbox 943 2193 1061 2252; x_wconf 88' lang='lat' dir='ltr'><strong>atticae</strong></span> <span class='ocrx_word' id='word_1_95' title='bbox 1085 2193 1246 2252; x_wconf 90' lang='lat' dir='ltr'><strong>orationis</strong></span> <span class='ocrx_word' id='word_1_96' title='bbox 1267 2211 1341 2252; x_wconf 90' lang='lat' dir='ltr'><strong>esse</strong></span> <span class='ocrx_word' id='word_1_97' title='bbox 1363 2197 1624 2250; x_wconf 89' lang='lat' dir='ltr'><strong>monumentum.</strong></span> 
     </span>
     <span class='ocr_line' id='line_1_14' title="bbox 399 2315 1629 2398; baseline -0.003 -22"><span class='ocrx_word' id='word_1_98' title='bbox 399 2315 512 2397; x_wconf 88' lang='lat' dir='ltr'><strong>Itaque</strong></span> <span class='ocrx_word' id='word_1_99' title='bbox 538 2315 644 2376; x_wconf 89' lang='lat' dir='ltr'><strong>libelli</strong></span> <span class='ocrx_word' id='word_1_100' title='bbox 674 2317 871 2398; x_wconf 88' lang='lat' dir='ltr'><strong>scriptorem</strong></span> <span class='ocrx_word' id='word_1_101' title='bbox 898 2317 1015 2398; x_wconf 83' lang='lat' dir='ltr'><strong>figuris</strong></span> <span class='ocrx_word' id='word_1_102' title='bbox 1037 2316 1115 2387; x_wconf 87' lang='lat' dir='ltr'><strong>illis,</strong></span> <span class='ocrx_word' id='word_1_103' title='bbox 1144 2318 1423 2377; x_wconf 82' lang='lat' dir='ltr'><em>sermocinatione</em></span> <span class='ocrx_word' id='word_1_104' title='bbox 1448 2315 1572 2375; x_wconf 88' lang='lat' dir='ltr'><strong>scilicet</strong></span> <span class='ocrx_word' id='word_1_105' title='bbox 1595 2321 1629 2372; x_wconf 91' lang='lat' dir='ltr'><strong>et</strong></span> 
     </span>
     <span class='ocr_line' id='line_1_15' title="bbox 400 2437 1629 2524; baseline -0.004 -22"><span class='ocrx_word' id='word_1_106' title='bbox 400 2440 671 2502; x_wconf 84' lang='lat' dir='ltr'><strong>conformatione.</strong></span> <span class='ocrx_word' id='word_1_107' title='bbox 702 2461 798 2501; x_wconf 88' lang='lat' dir='ltr'><strong>usum</strong></span> <span class='ocrx_word' id='word_1_108' title='bbox 824 2461 897 2502; x_wconf 90' lang='lat' dir='ltr'><strong>esse</strong></span> <span class='ocrx_word' id='word_1_109' title='bbox 922 2451 1013 2523; x_wconf 89' lang='lat' dir='ltr'><strong>puto,</strong></span> <span class='ocrx_word' id='word_1_110' title='bbox 1042 2441 1132 2522; x_wconf 92' lang='lat' dir='ltr'><strong>quod</strong></span> <span class='ocrx_word' id='word_1_111' title='bbox 1156 2451 1251 2524; x_wconf 82' lang='lat' dir='ltr'><em>aptae</em></span> <span class='ocrx_word' id='word_1_112' title='bbox 1274 2443 1303 2501; x_wconf 91' lang='lat' dir='ltr'><strong>ei</strong></span> <span class='ocrx_word' id='word_1_113' title='bbox 1333 2442 1426 2501; x_wconf 89' lang='lat' dir='ltr'><strong>visae</strong></span> <span class='ocrx_word' id='word_1_114' title='bbox 1446 2447 1559 2500; x_wconf 86' lang='lat' dir='ltr'><strong>essent</strong></span> <span class='ocrx_word' id='word_1_115' title='bbox 1584 2437 1629 2497; x_wconf 86' lang='lat' dir='ltr'><strong>ad</strong></span> 
     </span>
     <span class='ocr_line' id='line_1_16' title="bbox 400 2565 1628 2648; baseline -0.004 -22"><span class='ocrx_word' id='word_1_116' title='bbox 400 2565 656 2648; x_wconf 89' lang='lat' dir='ltr'><strong>expromendam</strong></span> <span class='ocrx_word' id='word_1_117' title='bbox 707 2567 902 2627; x_wconf 90' lang='lat' dir='ltr'><strong>sententiam</strong></span> <span class='ocrx_word' id='word_1_118' title='bbox 948 2566 1193 2646; x_wconf 76' lang='lat' dir='ltr'><strong>refellendoque</strong></span> <span class='ocrx_word' id='word_1_119' title='bbox 1236 2586 1319 2646; x_wconf 91' lang='lat' dir='ltr'><strong>qnae</strong></span> <span class='ocrx_word' id='word_1_120' title='bbox 1363 2574 1477 2624; x_wconf 91' lang='lat' dir='ltr'><strong>contra</strong></span> <span class='ocrx_word' id='word_1_121' title='bbox 1518 2571 1628 2623; x_wconf 87' lang='lat' dir='ltr'><strong>essent</strong></span> 
     </span>
     <span class='ocr_line' id='line_1_17' title="bbox 400 2689 1628 2771; baseline -0.004 -19"><span class='ocrx_word' id='word_1_122' title='bbox 400 2692 553 2754; x_wconf 88' lang='lat' dir='ltr'><strong>dicenda.</strong></span> <span class='ocrx_word' id='word_1_123' title='bbox 576 2691 649 2770; x_wconf 84' lang='lat' dir='ltr'><strong>Qua</strong></span> <span class='ocrx_word' id='word_1_124' title='bbox 674 2693 715 2752; x_wconf 89' lang='lat' dir='ltr'><strong>de</strong></span> <span class='ocrx_word' id='word_1_125' title='bbox 738 2713 836 2752; x_wconf 89' lang='lat' dir='ltr'><strong>causa</strong></span> <span class='ocrx_word' id='word_1_126' title='bbox 862 2694 919 2753; x_wconf 88' lang='lat' dir='ltr'><strong>illa</strong></span> <span class='ocrx_word' id='word_1_127' title='bbox 944 2692 1074 2753; x_wconf 89' lang='lat' dir='ltr'><strong>dicendi</strong></span> <span class='ocrx_word' id='word_1_128' title='bbox 1100 2694 1185 2752; x_wconf 88' lang='lat' dir='ltr'><strong>ratio</strong></span> <span class='ocrx_word' id='word_1_129' title='bbox 1210 2713 1275 2752; x_wconf 91' lang='lat' dir='ltr'><strong>non</strong></span> <span class='ocrx_word' id='word_1_130' title='bbox 1298 2691 1405 2752; x_wconf 88' lang='lat' dir='ltr'><strong>solum</strong></span> <span class='ocrx_word' id='word_1_131' title='bbox 1428 2692 1498 2771; x_wconf 83' lang='lat' dir='ltr'><strong>ejus</strong></span> <span class='ocrx_word' id='word_1_132' title='bbox 1519 2689 1628 2748; x_wconf 89' lang='lat' dir='ltr'><strong>studio</strong></span> 
     </span>
     <span class='ocr_line' id='line_1_18' title="bbox 401 2815 1629 2898; baseline -0.004 -22"><span class='ocrx_word' id='word_1_133' title='bbox 401 2816 458 2876; x_wconf 88' lang='lat' dir='ltr'><strong>sed</strong></span> <span class='ocrx_word' id='word_1_134' title='bbox 483 2818 582 2877; x_wconf 90' lang='lat' dir='ltr'><strong>etiam</strong></span> <span class='ocrx_word' id='word_1_135' title='bbox 607 2818 903 2898; x_wconf 82' lang='lat' dir='ltr'><em>argumentationis</em></span> <span class='ocrx_word' id='word_1_136' title='bbox 930 2818 1090 2885; x_wconf 80' lang='lat' dir='ltr'><em>inscitiae,</em></span> <span class='ocrx_word' id='word_1_137' title='bbox 1123 2838 1193 2876; x_wconf 81' lang='lat' dir='ltr'><strong>inea</strong></span> <span class='ocrx_word' id='word_1_138' title='bbox 1217 2817 1351 2897; x_wconf 86' lang='lat' dir='ltr'><strong>quidem</strong></span> <span class='ocrx_word' id='word_1_139' title='bbox 1377 2815 1551 2889; x_wconf 83' lang='lat' dir='ltr'><strong>sententia,</strong></span> <span class='ocrx_word' id='word_1_140' title='bbox 1578 2823 1629 2872; x_wconf 82' lang='lat' dir='ltr'><strong>cst</strong></span> 
     </span>
     <span class='ocr_line' id='line_1_19' title="bbox 400 2941 589 3002; baseline 0.005 -1"><span class='ocrx_word' id='word_1_141' title='bbox 400 2941 589 3002; x_wconf 76' lang='lat' dir='ltr'><strong>tribuenda,</strong></span> 
     </span>
    </p>

    <p class='ocr_par' dir='ltr' id='par_1_4' title="bbox 400 3065 1629 4398">
     <span class='ocr_line' id='line_1_20' title="bbox 462 3065 1628 3148; baseline -0.002 -24"><span class='ocrx_word' id='word_1_142' title='bbox 462 3065 675 3134; x_wconf 76' lang='lat' dir='ltr'><strong>l‘ankowitm,</strong></span> <span class='ocrx_word' id='word_1_143' title='bbox 704 3067 820 3127; x_wconf 86' lang='lat' dir='ltr'><strong>Cobeti</strong></span> <span class='ocrx_word' id='word_1_144' title='bbox 845 3067 1052 3148; x_wconf 84' lang='lat' dir='ltr'><strong>disciplinam</strong></span> <span class='ocrx_word' id='word_1_145' title='bbox 1082 3077 1223 3136; x_wconf 72' lang='lat' dir='ltr'><strong>secutam,</strong></span> <span class='ocrx_word' id='word_1_146' title='bbox 1253 3065 1337 3126; x_wconf 89' lang='lat' dir='ltr'><strong>duos</strong></span> <span class='ocrx_word' id='word_1_147' title='bbox 1364 3066 1455 3124; x_wconf 87' lang='lat' dir='ltr'><strong>viros</strong></span> <span class='ocrx_word' id='word_1_148' title='bbox 1483 3065 1570 3123; x_wconf 84' lang='lat' dir='ltr'><strong>inter</strong></span> <span class='ocrx_word' id='word_1_149' title='bbox 1593 3084 1628 3122; x_wconf 88' lang='lat' dir='ltr'><strong>se</strong></span> 
     </span>
     <span class='ocr_line' id='line_1_21' title="bbox 400 3187 1629 3272; baseline -0.003 -22"><span class='ocrx_word' id='word_1_150' title='bbox 400 3190 582 3252; x_wconf 90' lang='lat' dir='ltr'><strong>collocutos</strong></span> <span class='ocrx_word' id='word_1_151' title='bbox 604 3211 687 3268; x_wconf 82' lang='lat' dir='ltr'><strong>esse,</strong></span> <span class='ocrx_word' id='word_1_152' title='bbox 713 3211 894 3272; x_wconf 84' lang='lat' dir='ltr'><strong>eomrmque</strong></span> <span class='ocrx_word' id='word_1_153' title='bbox 921 3193 1061 3252; x_wconf 87' lang='lat' dir='ltr'><strong>alterum</strong></span> <span class='ocrx_word' id='word_1_154' title='bbox 1086 3191 1337 3251; x_wconf 85' lang='lat' dir='ltr'><em>Atheniensem.</em></span> <span class='ocrx_word' id='word_1_155' title='bbox 1367 3190 1506 3248; x_wconf 85' lang='lat' dir='ltr'><strong>alterum</strong></span> <span class='ocrx_word' id='word_1_156' title='bbox 1531 3187 1629 3248; x_wconf 87' lang='lat' dir='ltr'><strong>Lace-</strong></span> 
     </span>
     <span class='ocr_line' id='line_1_22' title="bbox 401 3311 1629 3397; baseline -0.005 -21"><span class='ocrx_word' id='word_1_157' title='bbox 401 3315 612 3376; x_wconf 89' lang='lat' dir='ltr'><strong>daemonium</strong></span> <span class='ocrx_word' id='word_1_158' title='bbox 640 3317 740 3376; x_wconf 86' lang='lat' dir='ltr'><strong>l&#39;uissc</strong></span> <span class='ocrx_word' id='word_1_159' title='bbox 768 3317 946 3376; x_wconf 85' lang='lat' dir='ltr'><strong>existimat.</strong></span> <span class='ocrx_word' id='word_1_160' title='bbox 979 3314 1183 3397; x_wconf 86' lang='lat' dir='ltr'><strong>Opuscnlmn</strong></span> <span class='ocrx_word' id='word_1_161' title='bbox 1216 3323 1341 3374; x_wconf 87' lang='lat' dir='ltr'><strong>attento</strong></span> <span class='ocrx_word' id='word_1_162' title='bbox 1362 3314 1474 3372; x_wconf 89' lang='lat' dir='ltr'><strong>animo</strong></span> <span class='ocrx_word' id='word_1_163' title='bbox 1502 3311 1629 3392; x_wconf 81' lang='lat' dir='ltr'><strong>perlegi</strong></span> 
     </span>
     <span class='ocr_line' id='line_1_23' title="bbox 401 3439 1627 3522; baseline -0.004 -21"><span class='ocrx_word' id='word_1_164' title='bbox 401 3461 506 3521; x_wconf 90' lang='lat' dir='ltr'><strong>neque</strong></span> <span class='ocrx_word' id='word_1_165' title='bbox 527 3441 631 3502; x_wconf 92' lang='lat' dir='ltr'><strong>ullum</strong></span> <span class='ocrx_word' id='word_1_166' title='bbox 650 3443 757 3501; x_wconf 89' lang='lat' dir='ltr'><strong>locum</strong></span> <span class='ocrx_word' id='word_1_167' title='bbox 780 3441 904 3512; x_wconf 84' lang='lat' dir='ltr'><strong>inveni,</strong></span> <span class='ocrx_word' id='word_1_168' title='bbox 919 3461 1017 3522; x_wconf 89' lang='lat' dir='ltr'><strong>quem</strong></span> <span class='ocrx_word' id='word_1_169' title='bbox 1040 3440 1378 3500; x_wconf 85' lang='lat' dir='ltr'><strong>Lacedaemoniorum</strong></span> <span class='ocrx_word' id='word_1_170' title='bbox 1401 3439 1627 3518; x_wconf 87' lang='lat' dir='ltr'><strong>potiusquam</strong></span> 
     </span>
     <span class='ocr_line' id='line_1_24' title="bbox 403 3562 1628 3648; baseline -0.005 -22"><span class='ocrx_word' id='word_1_171' title='bbox 403 3566 658 3626; x_wconf 86' lang='lat' dir='ltr'><strong>Atheniensium</strong></span> <span class='ocrx_word' id='word_1_172' title='bbox 688 3568 840 3648; x_wconf 88' lang='lat' dir='ltr'><strong>cuiqnam</strong></span> <span class='ocrx_word' id='word_1_173' title='bbox 874 3567 917 3627; x_wconf 92' lang='lat' dir='ltr'><strong>sit</strong></span> <span class='ocrx_word' id='word_1_174' title='bbox 939 3567 1011 3626; x_wconf 87' lang='lat' dir='ltr'><strong>veri</strong></span> <span class='ocrx_word' id='word_1_175' title='bbox 1035 3567 1143 3626; x_wconf 85' lang='lat' dir='ltr'><strong>simile</strong></span> <span class='ocrx_word' id='word_1_176' title='bbox 1171 3565 1326 3626; x_wconf 89' lang='lat' dir='ltr'><strong>tribuere.</strong></span> <span class='ocrx_word' id='word_1_177' title='bbox 1355 3562 1464 3641; x_wconf 86' lang='lat' dir='ltr'><strong>Quam</strong></span> <span class='ocrx_word' id='word_1_178' title='bbox 1488 3562 1531 3622; x_wconf 94' lang='lat' dir='ltr'><strong>ob</strong></span> <span class='ocrx_word' id='word_1_179' title='bbox 1557 3580 1628 3621; x_wconf 90' lang='lat' dir='ltr'><strong>rem</strong></span> 
     </span>
     <span class='ocr_line' id='line_1_25' title="bbox 400 3690 1629 3774; baseline -0.003 -24"><span class='ocrx_word' id='word_1_180' title='bbox 400 3713 483 3774; x_wconf 85' lang='lat' dir='ltr'><strong>qnae</strong></span> <span class='ocrx_word' id='word_1_181' title='bbox 519 3693 657 3772; x_wconf 82' lang='lat' dir='ltr'><strong>conjecit</strong></span> <span class='ocrx_word' id='word_1_182' title='bbox 703 3693 904 3753; x_wconf 76' lang='lat' dir='ltr'><strong>Panltowius</strong></span> <span class='ocrx_word' id='word_1_183' title='bbox 941 3692 1089 3773; x_wconf 84' lang='lat' dir='ltr'><strong>repudio.</strong></span> <span class='ocrx_word' id='word_1_184' title='bbox 1131 3690 1379 3750; x_wconf 86' lang='lat' dir='ltr'><strong>Wachsmuthii</strong></span> <span class='ocrx_word' id='word_1_185' title='bbox 1417 3697 1525 3748; x_wconf 88' lang='lat' dir='ltr'><strong>autem</strong></span> <span class='ocrx_word' id='word_1_186' title='bbox 1557 3707 1629 3746; x_wconf 92' lang='lat' dir='ltr'><strong>sen-</strong></span> 
     </span>
     <span class='ocr_line' id='line_1_26' title="bbox 401 3810 1629 3896; baseline -0.005 -20"><span class='ocrx_word' id='word_1_187' title='bbox 401 3817 549 3888; x_wconf 81' lang='lat' dir='ltr'><strong>tentiam,</strong></span> <span class='ocrx_word' id='word_1_188' title='bbox 591 3818 744 3896; x_wconf 78' lang='lat' dir='ltr'><strong>quamvis</strong></span> <span class='ocrx_word' id='word_1_189' title='bbox 778 3817 950 3896; x_wconf 76' lang='lat' dir='ltr'><strong>ingeniose</strong></span> <span class='ocrx_word' id='word_1_190' title='bbox 984 3817 1028 3876; x_wconf 82' lang='lat' dir='ltr'><strong>sit</strong></span> <span class='ocrx_word' id='word_1_191' title='bbox 1066 3815 1213 3890; x_wconf 83' lang='lat' dir='ltr'><strong>defensa,</strong></span> <span class='ocrx_word' id='word_1_192' title='bbox 1246 3815 1328 3874; x_wconf 92' lang='lat' dir='ltr'><strong>nihil</strong></span> <span class='ocrx_word' id='word_1_193' title='bbox 1368 3810 1629 3893; x_wconf 84' lang='lat' dir='ltr'><strong>probabiliorem</strong></span> 
     </span>
     <span class='ocr_line' id='line_1_27' title="bbox 400 3934 1628 4023; baseline -0.005 -23"><span class='ocrx_word' id='word_1_194' title='bbox 400 3961 471 4002; x_wconf 82' lang='lat' dir='ltr'><strong>csse</strong></span> <span class='ocrx_word' id='word_1_195' title='bbox 513 3942 607 4002; x_wconf 89' lang='lat' dir='ltr'><strong>duco.</strong></span> <span class='ocrx_word' id='word_1_196' title='bbox 651 3942 692 4000; x_wconf 78' lang='lat' dir='ltr'><strong>llt</strong></span> <span class='ocrx_word' id='word_1_197' title='bbox 723 3943 961 4023; x_wconf 82' lang='lat' dir='ltr'><strong>grammaticus</strong></span> <span class='ocrx_word' id='word_1_198' title='bbox 1001 3940 1136 4020; x_wconf 88' lang='lat' dir='ltr'><strong>qnidam</strong></span> <span class='ocrx_word' id='word_1_199' title='bbox 1172 3938 1419 3999; x_wconf 67' lang='lat' dir='ltr'><strong>Alexandrinus</strong></span> <span class='ocrx_word' id='word_1_200' title='bbox 1457 3937 1511 3996; x_wconf 89' lang='lat' dir='ltr'><strong>vel</strong></span> <span class='ocrx_word' id='word_1_201' title='bbox 1552 3934 1628 3994; x_wconf 91' lang='lat' dir='ltr'><strong>Per-</strong></span> 
     </span>
     <span class='ocr_line' id='line_1_28' title="bbox 400 4061 1629 4148; baseline -0.005 -22"><span class='ocrx_word' id='word_1_202' title='bbox 400 4087 536 4146; x_wconf 70' lang='lat' dir='ltr'><strong>gamena</strong></span> <span class='ocrx_word' id='word_1_203' title='bbox 563 4067 739 4128; x_wconf 85' lang='lat' dir='ltr'><strong>laceratam</strong></span> <span class='ocrx_word' id='word_1_204' title='bbox 768 4067 978 4148; x_wconf 83' lang='lat' dir='ltr'><strong>acquisiverit</strong></span> <span class='ocrx_word' id='word_1_205' title='bbox 1008 4067 1156 4126; x_wconf 88' lang='lat' dir='ltr'><strong>chartam</strong></span> <span class='ocrx_word' id='word_1_206' title='bbox 1186 4074 1219 4124; x_wconf 89' lang='lat' dir='ltr'><strong>et</strong></span> <span class='ocrx_word' id='word_1_207' title='bbox 1241 4066 1275 4124; x_wconf 92' lang='lat' dir='ltr'><strong>in</strong></span> <span class='ocrx_word' id='word_1_208' title='bbox 1302 4065 1364 4122; x_wconf 84' lang='lat' dir='ltr'><strong>hoc</strong></span> <span class='ocrx_word' id='word_1_209' title='bbox 1390 4063 1476 4121; x_wconf 90' lang='lat' dir='ltr'><strong>libro</strong></span> <span class='ocrx_word' id='word_1_210' title='bbox 1502 4061 1629 4140; x_wconf 81' lang='lat' dir='ltr'><strong>dialogi</strong></span> 
     </span>
     <span class='ocr_line' id='line_1_29' title="bbox 400 4187 1629 4268; baseline -0.007 -16"><span class='ocrx_word' id='word_1_211' title='bbox 400 4192 486 4252; x_wconf 86' lang='lat' dir='ltr'><strong>inter</strong></span> <span class='ocrx_word' id='word_1_212' title='bbox 514 4193 655 4252; x_wconf 86' lang='lat' dir='ltr'><strong>amicum</strong></span> <span class='ocrx_word' id='word_1_213' title='bbox 687 4203 720 4252; x_wconf 88' lang='lat' dir='ltr'><strong>et</strong></span> <span class='ocrx_word' id='word_1_214' title='bbox 743 4193 914 4252; x_wconf 89' lang='lat' dir='ltr'><strong>inimicum</strong></span> <span class='ocrx_word' id='word_1_215' title='bbox 945 4191 1062 4251; x_wconf 86' lang='lat' dir='ltr'><strong>atticae</strong></span> <span class='ocrx_word' id='word_1_216' title='bbox 1091 4191 1233 4250; x_wconf 87' lang='lat' dir='ltr'><strong>civitatis</strong></span> <span class='ocrx_word' id='word_1_217' title='bbox 1264 4189 1421 4268; x_wconf 87' lang='lat' dir='ltr'><strong>reliquias</strong></span> <span class='ocrx_word' id='word_1_218' title='bbox 1447 4187 1629 4266; x_wconf 86' lang='lat' dir='ltr'><strong>descriptas</strong></span> 
     </span>
     <span class='ocr_line' id='line_1_30' title="bbox 400 4311 1629 4398; baseline -0.007 -22"><span class='ocrx_word' id='word_1_219' title='bbox 400 4318 570 4398; x_wconf 83' lang='lat' dir='ltr'><strong>repererit,</strong></span> <span class='ocrx_word' id='word_1_220' title='bbox 607 4318 760 4398; x_wconf 78' lang='lat' dir='ltr'><strong>qiramvis</strong></span> <span class='ocrx_word' id='word_1_221' title='bbox 790 4317 911 4376; x_wconf 81' lang='lat' dir='ltr'><strong>nndtae</strong></span> <span class='ocrx_word' id='word_1_222' title='bbox 941 4317 1007 4375; x_wconf 89' lang='lat' dir='ltr'><strong>sint</strong></span> <span class='ocrx_word' id='word_1_223' title='bbox 1036 4315 1183 4386; x_wconf 84' lang='lat' dir='ltr'><strong>lacunae,</strong></span> <span class='ocrx_word' id='word_1_224' title='bbox 1217 4334 1283 4373; x_wconf 90' lang='lat' dir='ltr'><strong>non</strong></span> <span class='ocrx_word' id='word_1_225' title='bbox 1320 4313 1391 4372; x_wconf 89' lang='lat' dir='ltr'><strong>veri</strong></span> <span class='ocrx_word' id='word_1_226' title='bbox 1423 4311 1529 4370; x_wconf 84' lang='lat' dir='ltr'><strong>simile</strong></span> <span class='ocrx_word' id='word_1_227' title='bbox 1557 4329 1629 4370; x_wconf 88' lang='lat' dir='ltr'><strong>esse</strong></span> 
     </span>
    </p>
   </div>
   <div class='ocr_carea' id='block_1_3' title="bbox 400 4434 1629 4522">
    <p class='ocr_par' dir='ltr' id='par_1_5' title="bbox 400 4434 1629 4522">
     <span class='ocr_line' id='line_1_31' title="bbox 400 4434 1629 4522; baseline -0.006 -22"><span class='ocrx_word' id='word_1_228' title='bbox 400 4443 554 4503; x_wconf 83' lang='lat' dir='ltr'><strong>existimo</strong></span> <span class='ocrx_word' id='word_1_229' title='bbox 578 4441 678 4502; x_wconf 80' lang='lat' dir='ltr'><strong>verba</strong></span> <span class='ocrx_word' id='word_1_230' title='bbox 703 4442 875 4522; x_wconf 85' lang='lat' dir='ltr'><strong>scriptoris</strong></span> <span class='ocrx_word' id='word_1_231' title='bbox 899 4442 943 4500; x_wconf 85' lang='lat' dir='ltr'><strong>ita</strong></span> <span class='ocrx_word' id='word_1_232' title='bbox 968 4460 1040 4500; x_wconf 89' lang='lat' dir='ltr'><strong>esse</strong></span> <span class='ocrx_word' id='word_1_233' title='bbox 1066 4439 1248 4500; x_wconf 87' lang='lat' dir='ltr'><strong>adulterata</strong></span> <span class='ocrx_word' id='word_1_234' title='bbox 1272 4459 1331 4496; x_wconf 85' lang='lat' dir='ltr'><strong>nec</strong></span> <span class='ocrx_word' id='word_1_235' title='bbox 1353 4438 1498 4518; x_wconf 83' lang='lat' dir='ltr'><strong>priscam</strong></span> <span class='ocrx_word' id='word_1_236' title='bbox 1522 4434 1629 4495; x_wconf 89' lang='lat' dir='ltr'><strong>libelli</strong></span> 
     </span>
    </p>
   </div>
   <div class='ocr_carea' id='block_1_4' title="bbox 401 4559 1628 4642">
    <p class='ocr_par' dir='ltr' id='par_1_6' title="bbox 401 4559 1628 4642">
     <span class='ocr_line' id='line_1_32' title="bbox 401 4559 1628 4642; baseline -0.007 -15"><span class='ocrx_word' id='word_1_237' title='bbox 401 4565 539 4627; x_wconf 82' lang='lat' dir='ltr'><strong>sormam</strong></span> <span class='ocrx_word' id='word_1_238' title='bbox 568 4566 610 4626; x_wconf 87' lang='lat' dir='ltr'><strong>ita</strong></span> <span class='ocrx_word' id='word_1_239' title='bbox 642 4566 786 4625; x_wconf 84' lang='lat' dir='ltr'><strong>tenebris</strong></span> <span class='ocrx_word' id='word_1_240' title='bbox 811 4584 883 4624; x_wconf 86' lang='lat' dir='ltr'><strong>esse</strong></span> <span class='ocrx_word' id='word_1_241' title='bbox 907 4563 1127 4632; x_wconf 84' lang='lat' dir='ltr'><strong>obscuratam,</strong></span> <span class='ocrx_word' id='word_1_242' title='bbox 1156 4573 1189 4622; x_wconf 87' lang='lat' dir='ltr'><strong>nt</strong></span> <span class='ocrx_word' id='word_1_243' title='bbox 1221 4572 1310 4622; x_wconf 88' lang='lat' dir='ltr'><strong>certa</strong></span> <span class='ocrx_word' id='word_1_244' title='bbox 1337 4561 1460 4642; x_wconf 77' lang='lat' dir='ltr'><strong>dialogi</strong></span> <span class='ocrx_word' id='word_1_245' title='bbox 1488 4559 1628 4640; x_wconf 83' lang='lat' dir='ltr'><strong>vestigia</strong></span> 
     </span>
    </p>
   </div>
   <div class='ocr_carea' id='block_1_5' title="bbox 402 4744 1627 4891">
    <p class='ocr_par' dir='ltr' id='par_1_7' title="bbox 402 4744 1627 4891">
     <span class='ocr_line' id='line_1_33' title="bbox 447 4744 1627 4817; baseline -0.008 -15"><span class='ocrx_word' id='word_1_246' title='bbox 447 4755 487 4817; x_wconf 89' lang='grc' dir='ltr'><strong>(ι)</strong></span> <span class='ocrx_word' id='word_1_247' title='bbox 503 4751 539 4804; x_wconf 88' lang='lat' dir='ltr'><strong>Ut</strong></span> <span class='ocrx_word' id='word_1_248' title='bbox 551 4758 643 4802; x_wconf 80' lang='lat' dir='ltr'><strong>cetere</strong></span> <span class='ocrx_word' id='word_1_249' title='bbox 660 4751 897 4816; x_wconf 74' lang='lat' dir='ltr'><strong>praetermittam,</strong></span> <span class='ocrx_word' id='word_1_250' title='bbox 912 4749 1083 4814; x_wconf 88' lang='lat' dir='ltr'><strong>opusculum</strong></span> <span class='ocrx_word' id='word_1_251' title='bbox 1100 4749 1178 4814; x_wconf 90' lang='lat' dir='ltr'><strong>quod</strong></span> <span class='ocrx_word' id='word_1_252' title='bbox 1197 4749 1235 4798; x_wconf 85' lang='lat' dir='ltr'><strong>ad</strong></span> <span class='ocrx_word' id='word_1_253' title='bbox 1253 4746 1427 4797; x_wconf 84' lang='lat' dir='ltr'><strong>Herennium</strong></span> <span class='ocrx_word' id='word_1_254' title='bbox 1442 4751 1487 4795; x_wconf 88' lang='lat' dir='ltr'><strong>est</strong></span> <span class='ocrx_word' id='word_1_255' title='bbox 1504 4744 1627 4807; x_wconf 87' lang='lat' dir='ltr'><strong>inscrip-</strong></span> 
     </span>
     <span class='ocr_line' id='line_1_34' title="bbox 402 4824 1551 4891; baseline -0.009 -8"><span class='ocrx_word' id='word_1_256' title='bbox 402 4839 462 4884; x_wconf 86' lang='lat' dir='ltr'><strong>tum</strong></span> <span class='ocrx_word' id='word_1_257' title='bbox 475 4839 503 4882; x_wconf 90' lang='lat' dir='ltr'><strong>et</strong></span> <span class='ocrx_word' id='word_1_258' title='bbox 518 4832 553 4882; x_wconf 91' lang='lat' dir='ltr'><strong>M.</strong></span> <span class='ocrx_word' id='word_1_259' title='bbox 569 4831 653 4880; x_wconf 86' lang='lat' dir='ltr'><strong>Tullii</strong></span> <span class='ocrx_word' id='word_1_260' title='bbox 672 4830 818 4880; x_wconf 80' lang='lat' dir='ltr'><strong>Ciceronis</strong></span> <span class='ocrx_word' id='word_1_261' title='bbox 831 4829 923 4879; x_wconf 78' lang='lat' dir='ltr'><strong>fertur</strong></span> <span class='ocrx_word' id='word_1_262' title='bbox 935 4829 1176 4878; x_wconf 89' lang='lat' dir='ltr'><strong>commemorabo.</strong></span> <span class='ocrx_word' id='word_1_263' title='bbox 1191 4828 1278 4891; x_wconf 85' lang='lat' dir='ltr'><strong>(Vide</strong></span> <span class='ocrx_word' id='word_1_264' title='bbox 1293 4841 1355 4891; x_wconf 92' lang='lat' dir='ltr'><strong>cap.</strong></span> <span class='ocrx_word' id='word_1_265' title='bbox 1369 4826 1415 4874; x_wconf 94' lang='lat' dir='ltr'><strong>Lll</strong></span> <span class='ocrx_word' id='word_1_266' title='bbox 1429 4832 1457 4874; x_wconf 90' lang='lat' dir='ltr'><strong>et</strong></span> <span class='ocrx_word' id='word_1_267' title='bbox 1470 4824 1551 4886; x_wconf 88' lang='lat' dir='ltr'><strong>Llll).</strong></span> 
     </span>
    </p>
   </div>
   <div class='ocr_carea' id='block_1_6' title="bbox 0 0 1872 5912">
    <p class='ocr_par' dir='ltr' id='par_1_8' title="bbox 0 0 1872 5912">
     <span class='ocr_line' id='line_1_35' title="bbox 0 0 1872 5912; baseline 0 0"><span class='ocrx_word' id='word_1_268' title='bbox 0 0 1872 5912; x_wconf 95' lang='lat' dir='ltr'><strong> </strong></span> 
     </span>
    </p>
   </div>
  </div>
 </body>
</html>
