3720 5912
581 673 623 714 DE
647 673 773 715 LIBELLI
796 673 908 716 FORMA
930 675 1131 717 DISPUTATIO
1437 678 1470 718 11

245 843 343 914 tirus,
371 851 407 904 ut
440 843 542 924 prisci
573 843 697 922 dialogi
736 851 849 923 partes
875 845 971 923 quasi
1004 854 1189 922 consueret,
1219 865 1334 905 eorum
1361 844 1473 905 verbis
1541 873 1543 880 ·

246 967 430 1029 addiderat.

306 1089 355 1150 Ne
373 1091 480 1172 plura,
510 1111 595 1172 quae
620 1101 696 1154 sunt
718 1111 823 1173 paene
851 1093 1107 1154 innumerabilia
1135 1105 1314 1166 consecter,
1340 1095 1474 1155 illarum

246 1215 569 1297 argumentationum
586 1216 783 1298 principium
799 1205 949 1277 breviter
963 1219 1253 1300 comprehendam.
1272 1218 1474 1280 Pankowius

248 1349 279 1400 et
305 1338 581 1400 Wachsmuthius
614 1341 813 1401 sententiam
847 1363 867 1400 a
895 1339 1021 1402 Cobeto
1053 1353 1283 1425 expromptam
1312 1345 1408 1424 quasi
1433 1345 1473 1405 de

246 1466 377 1546 integro
414 1464 678 1544 explanaverunt
719 1475 819 1546 atque
853 1467 950 1526 novis
994 1487 1031 1526 ao
1070 1488 1148 1529 sane
1190 1468 1474 1550 probabilioribus

245 1591 452 1671 argumentis
490 1599 720 1690 coarguerunt.
759 1590 959 1672 Quanquam
997 1594 1147 1674 singulas
1180 1595 1330 1676 opusculi
1363 1603 1474 1676 partes

246 1716 329 1777 mihi
352 1717 387 1776 in
410 1716 522 1778 auimo
547 1725 597 1776 est
620 1736 802 1786 recensere,
835 1726 870 1777 ut
894 1737 978 1798 quae
1010 1728 1124 1779 contra
1153 1739 1260 1780 meam
1301 1740 1474 1801 argumen-

245 1841 339 1902 tandi
362 1842 527 1902 rationem
549 1850 627 1902 sunt
648 1842 734 1902 dicta
757 1842 853 1902 illum
875 1843 918 1903 ad
939 1843 1074 1904 modum
1096 1843 1256 1916 refellam,
1279 1846 1343 1905 hoc
1364 1855 1475 1908 tamen

246 1967 421 2027 admonere
445 1975 576 2048 oportet
600 1967 710 2028 nullas
734 1967 769 2027 in
794 1966 908 2028 libello
938 1969 1078 2050 reperiri
1112 1970 1294 2030 sententias
1326 1971 1414 2030 inter
1440 1991 1474 2030 se

245 2092 480 2172 discrepantes.
521 2089 693 2172 Nusquam
728 2092 816 2152 enim
854 2090 935 2152 duas
973 2111 1155 2173 personas,
1191 2113 1315 2175 neque,
1357 2103 1392 2154 ut
1429 2096 1475 2154 ita

246 2217 373 2292 dicam,
419 2217 501 2278 duas
541 2224 669 2277 mentes
707 2216 872 2277 invenias.
917 2216 952 2278 si
995 2237 1079 2298 quae
1118 2218 1206 2279 inter
1250 2239 1284 2279 se
1326 2238 1475 2300 pugnare

246 2339 418 2412 videntur,
453 2339 571 2410 rebus,
608 2359 677 2400 non
707 2340 819 2400 verbis
849 2340 974 2409 solum,
1012 2340 1180 2402 subtiliter
1209 2342 1399 2424 perpensiS‚
1438 2361 1476 2402 ea

246 2465 435 2527 consentire
470 2474 569 2545 atque
602 2465 692 2524 inter
720 2483 755 2524 se
786 2483 969 2544 congruere
1003 2485 1174 2547 agnosces.
1210 2465 1362 2548 Scriptor
1388 2465 1476 2526 enim

247 2592 355 2674 ipsam
401 2590 451 2652 rei
495 2589 647 2672 publicae
686 2591 849 2650 rationem
893 2590 1118 2672 reprehendit,
1153 2591 1213 2651 sed
1254 2591 1476 2651 Athenienses

249 2717 426 2787 collaudat,
448 2715 549 2795 quod,
568 2713 626 2774 illa
645 2713 825 2794 disciplina
844 2714 997 2785 instituti,
1020 2734 1093 2774 eam
1121 2715 1323 2776 incolumem
1344 2723 1478 2776 servent

249 2851 280 2902 et
316 2841 357 2902 ab
392 2839 601 2921 optimatium
635 2838 822 2900 fautoribus
857 2816 1022 2900 tueantur.
1061 2839 1160 2901 Haud
1194 2841 1297 2922 igitur
1325 2840 1476 2902 eamdem

248 2967 381 3030 dicendi
406 2966 571 3026 rationem
599 2963 747 3034 adhibet,
779 2964 849 3023 sive
887 2966 1025 3046 exponit
1058 2965 1139 3045 quid
1174 2966 1215 3026 de
1249 2967 1300 3026 rei
1325 2965 1476 3046 publicae

247 3093 355 3154 forma
387 3082 518 3161 sentiat,
545 3090 615 3151 sive
643 3089 850 3150 demonstrat
886 3088 1007 3170 quibus
1036 3087 1220 3171 praeceptis
1253 3091 1476 3151 Athenienses

248 3217 408 3300 populare
432 3215 611 3297 imperium
638 3213 845 3276 confirment.
870 3213 964 3292 Quae
986 3215 1240 3294 argumentandi
1262 3215 1348 3274 ratio
1374 3213 1476 3275 Cobe-

248 3353 327 3415 tum‚
358 3342 578 3403 Pankowium
614 3348 645 3400 et
676 3338 970 3400 Wachsmuthium
1004 3337 1134 3400 fefellit.
1166 3339 1277 3418 Quare
1305 3341 1341 3400 in
1361 3339 1476 3400 libello

249 3477 364 3530 nostro
402 3467 504 3548 prisci
533 3465 659 3546 dialogi
687 3464 828 3545 vestigia
861 3462 926 3524 sibi
951 3465 1096 3544 reperire
1133 3465 1196 3525 visi
1230 3475 1318 3526 sunt.
1356 3465 1421 3526 Sed
1448 3467 1477 3526 si

251 3593 400 3654 eamdem
426 3592 516 3652 viam
543 3589 770 3670 ingrediemur
798 3597 895 3669 atque
927 3588 1077 3668 scriptor,
1110 3589 1222 3649 omnia
1245 3609 1328 3669 quae
1356 3589 1476 3650 discre-

251 3738 329 3800 pare
356 3715 640 3778 existimavissent
667 3714 732 3775 sibi
765 3722 986 3776 consentanea
1014 3733 1086 3774 esse
1115 3713 1428 3774 demonstrabimus.

311 3841 475 3921 Quamvis
502 3841 623 3901 multos
646 3838 792 3900 Cobetus
819 3839 996 3919 protulerit
1019 3839 1121 3909 locos
1149 3838 1186 3898 in
1207 3838 1328 3918 quibus
1352 3837 1477 3920 dialogi

250 3968 467 4060 indagaverat
502 3965 654 4045 vestigia,
696 3964 786 4024 haud
823 3964 974 4044 equidem
1001 3965 1071 4044 ejus
1107 3964 1147 4023 in'
1179 3963 1376 4024 sententiam
1405 3963 1474 4023 ibo.

252 4091 379 4153 Omnes
411 4091 510 4156 enim,
543 4109 609 4150 non
641 4089 750 4150 solum
785 4091 819 4149 in
855 4089 1050 4170 quotidiano
1083 4107 1247 4166 sermone,
1282 4088 1341 4148 sed
1377 4089 1478 4149 etiam

253 4237 327 4278 cum
352 4215 540 4290 scribimus
577 4215 684 4296 prima
714 4223 745 4273 et
772 4213 916 4274 secunda
951 4232 1093 4293 persona
1126 4213 1173 4272 uti
1207 4212 1362 4272 solemus,
1392 4212 1477 4273 Nam

253 4343 373 4422 aliqua,
397 4359 481 4420 quae
509 4359 577 4398 non
602 4339 706 4408 adest,
737 4358 889 4420 persona,
915 4358 983 4397 non
1003 4357 1172 4417 nunquam
1193 4357 1211 4396 a
1237 4337 1335 4398 nobis
1355 4337 1477 4398 confine

253 4468 352 4549 gitur,
373 4465 470 4546 quasi
494 4463 591 4534 adsit,
612 4472 643 4524 et
671 4463 702 4523 ei
725 4462 831 4523 oratio
855 4462 1048 4523 attribuitur
1069 4461 1112 4521 ad
1134 4443 1331 4542 dignitatem
1351 4481 1477 4522 accom-

254 4589 398 4653 modata.
424 4589 572 4650 Persona
595 4588 654 4648 illa
677 4587 768 4669 quod
790 4587 932 4648 intendit
959 4587 1145 4657 confirmat,
1178 4595 1220 4658 et,
1250 4606 1335 4667 quae
1363 4597 1478 4648 contra

255 4715 297 4776 ab
319 4735 356 4775 ea
382 4724 459 4776 sunt
477 4714 573 4785 dicta,
600 4721 714 4774 nostro
739 4732 776 4772 ac
799 4711 938 4793 proprio
958 4711 1094 4771 nomine
1120 4711 1271 4805 refellere
1295 4711 1476 4772 studemus.

257 4839 350 4919 Quae
377 4840 538 4900 orationis
564 4839 691 4919 figurae
714 4837 750 4898 in
775 4836 965 4897 Atticorum
991 4835 1200 4897 contionibus
1228 4845 1305 4897 sunt
1326 4835 1478 4917 frequen·
