3720 5912
505 659 575 714 Quo
597 659 751 700 'TEMPORE
775 659 930 701 LlllllLLUS
953 659 1002 700 Sl'l'
1024 659 1177 702 scutr't'us
1417 643 1455 720 59

292 828 359 890 Sed
388 827 464 890 aliis
487 828 521 888 in
550 826 633 887 locis
663 826 874 907 Thucydides
907 848 926 888 a
952 827 1114 909 scriptore
1148 836 1263 888 nostro
1292 827 1455 888 dissentit.

231 953 363 1014 Etenim
391 953 501 1034 isqui
527 951 725 1034 opusculum
749 952 789 1012 de
816 953 1010 1034 republica
1040 953 1296 1014 Atheniensium
1325 953 1458 1034 scripsit

230 1077 362 1160 plebem
385 1085 480 1160 putat
512 1076 619 1137 socios
646 1076 764 1136 eodem
787 1076 860 1136 loco
886 1075 1043 1136 habuisse
1068 1095 1133 1157 quo
1166 1097 1301 1146 servos;
1329 1075 1457 1156 Thucy·

230 1202 326 1262 dides
345 1212 470 1268 contra.
493 1203 526 1262 in
546 1201 696 1262 oratione
718 1199 759 1260 ab
784 1199 1048 1261 Atheniensibus
1067 1201 1155 1283 apud
1178 1200 1457 1262 Lacedaemonios

229 1325 353 1396 habita,
388 1327 497 1386 socios
530 1325 708 1406 imperium
743 1323 829 1384 ultro
865 1323 1126 1386 Atheniensibus
1155 1325 1327 1394 obtulisse,
1357 1325 1457 1384 Athe-

228 1450 427 1531 niensesque
442 1448 593 1510 subditas
608 1458 722 1531 gentes
737 1448 878 1529 benigne
893 1469 931 1509 ac
945 1447 1129 1510 liberaliter
1142 1457 1282 1510 tractare
1299 1449 1453 1509 declarat.

230 1573 353 1634 Videas
378 1575 469 1635 enim
490 1574 594 1635 velim
617 1573 677 1634 lib.
705 1573 810 1655 lcap.
830 1573 878 1654 76,
902 1593 938 1645 23
965 1593 1012 1654 77.
1031 1572 1184 1653 Quocum
1209 1573 1283 1634 loco
1307 1571 1456 1634 conferre

230 1707 362 1780 oportet
380 1698 484 1760 verba
505 1719 524 1758 a
550 1697 739 1780 Phrynicho
763 1698 850 1758 facta
872 1700 907 1758 in
923 1698 983 1758 lib.
1007 1697 1087 1758 Vlll
1108 1719 1179 1780 cap.
1206 1697 1253 1778 78,
1275 1717 1316 1758 ex
1336 1697 1457 1778 quibus

229 1825 338 1884 socios
361 1843 429 1884 non
453 1844 551 1903 aegre
575 1823 740 1904 plebejam
763 1823 972 1905 disciplinam
1000 1823 1115 1884 tulisse
1141 1823 1253 1904 liquet,

290 1947 420 2027 Quibus
457 1948 499 2008 de
531 1948 639 2009 causis
673 1968 740 2008 non
773 1946 828 2007 ibo
867 1948 903 2008 in
938 1948 1136 2025 sententiam
1164 1968 1183 2006 a
1213 1945 1379 2008 Roscbero
1409 1948 1456 2025 (ι)

229 2082 469 2155 expromptam,
496 2081 533 2133 ut
565 2074 621 2154 qui
653 2073 836 2132 existimem
867 2071 1021 2133 libellum
1051 2079 1201 2133 nostrum
1228 2080 1333 2134 aetate
1361 2091 1457 2154 prae·

228 2197 373 2258 currisse
400 2217 484 2278 opus
511 2218 530 2257 a
554 2196 749 2278 Thucydide
772 2197 973 2258 inchoatum.

288 2320 363 2382 Non
386 2331 438 2382 est
459 2320 549 2403 quod
574 2329 727 2403 putemus
751 2321 1010 2403 probabiliorem
1031 2343 1104 2384 esse
1125 2323 1321 2384 sententiam
1340 2343 1456 2384 eorum

229 2447 289 2526 qui
315 2447 512 2528 opusculum
540 2468 560 2506 a
583 2445 775 2527 Phrynicho
804 2466 878 2507 esse
900 2445 1059 2527 scriptum
1088 2447 1208 2508 ducant
1228 2449 1286 2528 (2).
1313 2447 1453 2518 Etenim,

232 2572 260 2630 si
291 2571 426 2652 quidem
459 2592 547 2632 anno
580 2573 640 2649 424
664 2571 799 2632 libellus
827 2580 878 2632 est
904 2573 1117 2653 compositus,
1146 2573 1354 2654 Phrynichus
1388 2591 1456 2632 non

230 2696 364 2758 easdem
385 2704 497 2777 partes
521 2705 720 2778 susceperat,
742 2717 825 2777 quas
849 2706 925 2778 post
948 2697 1061 2758 decem
1086 2717 1193 2758 annos
1217 2706 1286 2758 erat
1309 2707 1453 2758 acturus.

290 2821 490 2903 Ceteroquin
516 2823 580 2882 hoc
612 2832 663 2883 est
693 2822 804 2883 sterile
834 2823 1030 2903 opusculum
1059 2821 1099 2882 de
1128 2843 1163 2882 re
1194 2821 1327 2904 publica
1356 2821 1455 2881 Athe-

230 2947 397 3008 niensium
424 2957 514 3008 certo
539 2968 575 3007 ac
600 2947 731 3007 cuidam
756 2947 965 3028 optimatium
992 2947 1115 3008 fautori
1136 2945 1281 3008 tribucre
1310 2945 1452 3008 studere.

230 3071 352 3132 Melius
378 3073 466 3134 enim
491 3082 542 3134 est
562 3073 736 3154 scriptoris
755 3073 953 3134 sententiam
972 3072 1166 3153 intellegere
1188 3074 1324 3153 ejusque
1346 3091 1455 3132 mores

231 3197 397 3278 effingere.

290 3320 388 3400 Quod
410 3323 451 3382 ad
479 3323 643 3382 rationem
668 3321 801 3382 dicendi
825 3321 979 3402 pertinet,
995 3322 1138 3402 scriptor
1159 3329 1281 3388 noster,
1299 3329 1334 3381 ut
1353 3340 1454 3401 snpra

229 3447 311 3516 dixi,
337 3447 439 3507 totius
471 3447 609 3508 rationis
633 3455 683 3508 est
712 3447 862 3527 ignarus.
892 3445 966 3506 Non
998 3447 1087 3507 enim
1120 3466 1178 3527 spe
1209 3454 1365 3527 quaestus
1397 3456 1454 3506 aut

229 3573 334 3654 gloria
371 3582 556 3633 commotus
588 3573 682 3633 venit
713 3573 756 3632 ad
793 3572 1014 3642 scribendum,
1041 3572 1111 3644 sed,
1144 3572 1245 3633 nullis
1283 3571 1453 3632 doctrinae

230 3697 402 3776 praesidiis
421 3698 464 3758 ad
483 3697 659 3759 dicendum
680 3707 814 3779 paratus
834 3717 941 3778 neque
965 3698 1066 3758 ullam
1091 3698 1335 3758 exercitationis
1364 3697 1452 3756 viam

228 3821 399 3900 ingressus
432 3821 474 3881 ad
504 3822 759 3902 comparandam
792 3823 950 3882 orationis
986 3822 1265 3892 commoditatem,
1294 3831 1452 3903 quantum

228 3947 364 4026 ingenio
405 3957 437 4007 et
478 3947 676 4028 cogitatione
713 3948 820 4027 potuit
860 3957 910 4008 cst
945 3956 1149 4008 consecutus.
1189 3946 1375 4008 Faciundae
1416 3969 1452 4007 ac

227 4071 403 4154 poliendae
434 4073 594 4131 orationis
626 4072 811 4152 imperitus
842 4072 935 4132 nullo
967 4073 1110 4132 artificio
1135 4073 1329 4132 sententiam
1360 4094 1452 4134 suam

227 4196 389 4266 distinxit,
421 4197 479 4256 sed
507 4196 548 4256 ad
583 4197 736 4256 infimum
770 4205 801 4256 et
836 4197 1066 4278 quotidianum
1101 4217 1288 4258 sermonem
1320 4198 1453 4258 demisit

227 4321 422 4392 orationem,
448 4329 489 4390 et,
512 4321 583 4380 sinc
605 4321 672 4381 ulla
698 4321 886 4402 suspicione
913 4322 1032 4382 nimiae
1065 4323 1327 4383 cachinnationis
1348 4323 1450 4383 risum

226 4445 405 4527 pudentem
432 4466 469 4505 ac
497 4445 668 4506 liberalem
702 4448 917 4528 comparavit.
949 4447 1136 4508 Sententias
1169 4467 1245 4506 suas
1271 4468 1310 4506 ex
1335 4448 1452 4508 ordine

225 4571 273 4630 ita
297 4571 513 4652 exprompsit,
540 4579 575 4630 ut
601 4571 760 4630 orationis
788 4579 960 4630 contextus
988 4591 1158 4651 nunquam
1181 4590 1260 4632 sane
1287 4573 1329 4632 sit
1353 4573 1451 4634 inter·

276 4757 317 4818 (1)
329 4755 360 4804 ln
375 4755 516 4820 opusculo
534 4770 621 4819 supra
639 4757 767 4806 laudato.

276 4837 316 4896 (2)
332 4835 405 4884 Vide
418 4835 784 4886 Muxunnnr-Srnunusmou
798 4837 1070 4912 commentationem
1085 4852 1174 4901 supra
1188 4837 1346 4890 laudatam.
