3720 5912
584 1339 791 1439 CAPUT
835 1341 1086 1438 PRIMUM

472 1717 532 1779 DE
553 1718 721 1779 LIBELLI
743 1718 905 1781 FORMA
926 1718 1197 1781 DISPUTATIO

281 2120 403 2181 Forma
432 2119 548 2194 libelli
585 2121 627 2181 de
666 2140 703 2181 re
742 2120 876 2202 publica
920 2121 1175 2182 Atheniensium
1219 2141 1372 2202 magnam
1413 2140 1451 2179 ac

222 2265 359 2327 gravem
398 2245 478 2306 facit
518 2247 788 2306 controversiam.
824 2244 1024 2328 Temporum
1062 2248 1149 2307 enim
1187 2245 1447 2314 vicissitudines

220 2371 371 2432 locorum
390 2371 601 2440 mutationes
624 2369 808 2430 scribarum
826 2371 947 2431 inertia
966 2372 1197 2452 editorumque
1221 2370 1360 2430 audacia
1377 2389 1450 2450 per-

221 2497 326 2558 multa
348 2497 545 2557 detrimenta
564 2497 726 2577 opusculo
744 2497 1010 2578 importaverunt
1032 2496 1267 2578 scriptorisque
1286 2496 1450 2554 rationem

222 2621 355 2684 dicendi
385 2622 668 2683 adulteraverunt.
704 2621 789 2682 Nam
816 2622 843 2681 si
878 2630 1003 2682 attento
1034 2623 1145 2682 animo
1167 2620 1317 2681 libellum
1345 2620 1450 2702 perle-

222 2748 318 2830 geris,
343 2747 456 2829 plures
479 2747 616 2807 lacunas
639 2747 796 2828 reperies.
824 2745 869 2808 Ut
892 2749 982 2808 enim
1004 2747 1068 2806 hoc
1096 2767 1163 2807 uno
1186 2755 1338 2825 exempto
1363 2754 1448 2815 utar,

222 2873 297 2954 quis
324 2871 435 2932 credat
472 2873 597 2948 virum,
625 2872 682 2952 qui
712 2873 920 2953 optimatium
948 2880 1058 2954 partes
1096 2881 1225 2938 secutus
1258 2873 1357 2932 luerit
1389 2890 1449 2930 nec

222 2997 329 3058 solum
348 2997 476 3057 instans
502 3004 632 3077 ternpus
658 2996 799 3057 intuitus
822 2997 925 3058 luerit
948 2997 1122 3058 sedetiam
1146 2996 1361 3078 praeteritum
1385 3015 1449 3054 res-

221 3121 360 3202 pexerit,
387 3121 427 3180 de
450 3121 646 3181 ostracismo
667 3121 727 3181 illo
752 3140 793 3182 ne
820 3121 961 3182 verbum
986 3122 1122 3202 quidem
1148 3121 1285 3191 dixisse,
1310 3121 1377 3199 qui,
1408 3140 1447 3179 ex

222 3254 327 3306 aetate
350 3243 531 3306 Clisthenis
554 3245 791 3327 popularisque
815 3247 948 3328 imperii
969 3245 1056 3327 apud
1079 3246 1301 3306 Athenienses
1323 3243 1449 3303 conditi

221 3390 325 3451 usquc
363 3370 406 3430 ad
447 3369 722 3451 Peloponnesiaci
755 3371 835 3431 belli
873 3379 1034 3452 tempora,
1070 3371 1231 3431 adversus
1272 3369 1448 3449 optimates

222 3495 392 3556 adhibitus
418 3494 535 3556 fuisset
562 3495 788 3576 optimumque
813 3496 1059 3557 conservandae
1080 3495 1173 3555 illius
1193 3494 1386 3576 disciplinae
1413 3512 1448 3552 se

221 3621 468 3701 praestitisset?
488 3621 544 3701 (1).
567 3619 685 3681 Nonne
709 3620 883 3701 probabile
917 3629 967 3680 est
999 3621 1194 3700 scriptorem
1228 3627 1379 3679 nostrum
1407 3618 1447 3677 de

221 3744 373 3805 instituto
395 3744 456 3805 illo
481 3744 692 3826 paucissimis
717 3745 834 3805 saltem
859 3743 971 3805 verbis
994 3743 1126 3824 egissc‘?

280 3869 454 3931 Praeterea
478 3878 600 3951 partes,
625 3890 664 3929 ex
698 3869 819 3950 quibus
852 3869 1096 3950 argumentatio
1134 3877 1275 3938 constat,
1315 3869 1447 3948 saepius

223 4003 298 4055 sunt
329 3994 532 4075 inaequales,
557 4014 617 4054 nec
643 3995 884 4055 sententiarum
911 3995 1065 4073 junctura
1097 4013 1261 4074 nusquam
1288 4002 1344 4052 aut
1372 3992 1447 4053 laxa

220 4128 275 4180 aut
312 4119 499 4200 interrupta
536 4127 597 4180 est.
636 4119 707 4180 Alii
742 4121 833 4180 enim
869 4119 1160 4180 commentationis
1195 4119 1260 4178 loci
1299 4118 1340 4178 ab
1371 4118 1447 4178 aliis

220 4253 296 4304 sunt
319 4245 464 4324 separati
492 4253 523 4305 et
546 4244 715 4324 disjuncti.
744 4245 822 4305 Alia
848 4253 1044 4326 argumenta
1069 4243 1143 4303 aliis
1168 4244 1214 4302 ita
1239 4252 1315 4303 sunt
1337 4243 1447 4324 impli-

219 4378 300 4438 eata,
325 4376 362 4428 ut
391 4367 622 4429 difficillimum
654 4369 696 4430 sit
726 4390 841 4430 veram
876 4369 1047 4450 scriptoris
1081 4368 1277 4429 sententiam
1302 4361 1446 4448 reperire

218 4492 536 4574 argumentandique
560 4493 958 4583 rationemkintcllegere.
985 4493 1082 4553 Adde
1107 4493 1197 4573 quod
1220 4492 1332 4573 plures
1350 4512 1446 4572 argu-

220 4617 432 4679 mentationis
461 4618 642 4700 particulae
663 4638 732 4679 non
753 4639 794 4679 ex
819 4619 894 4700 ipsa
927 4638 973 4689 re,
1004 4639 1023 4678 a
1055 4618 1215 4696 scriptore
1247 4625 1329 4687 acta,
1369 4625 1445 4677 sunt

264 4856 305 4918 (1)
318 4855 392 4905 Vide
407 4855 512 4906 Laron
525 4858 792 4908 commentationem
808 4872 896 4923 supra
912 4859 1061 4909 laudatam
1078 4859 1204 4916 (Priores
1220 4858 1312 4917 portia
1327 4871 1391 4920 pag.
1407 4857 1442 4918 7).
