3720 5912
421 643 460 722 48
696 663 766 718 Quo
788 664 945 708 rauroan
964 665 1121 708 uiuamus
1144 665 1194 708 srr
1217 665 1373 708 scaurus

420 830 501 892 belli
524 831 656 893 initium
678 841 729 893 est
754 831 886 902 factum,
910 831 1123 895 Boeotiarum
1144 833 1316 896 civitatum
1337 833 1455 896 foedus
1482 841 1532 896 est
1552 853 1646 896 reno-

420 965 535 1018 vatum
555 957 613 1036 (ol.
637 957 706 1038 87,ι
731 983 768 1012 =
790 957 873 1039 431).

480 1078 563 1143 Cum
589 1102 644 1143 res
667 1083 715 1144 ita
738 1103 774 1144 se
802 1093 965 1167 gererent,
993 1085 1065 1146 veri
1094 1085 1206 1146 simile
1235 1093 1286 1146 est
1313 1085 1489 1166 optimates
1519 1094 1553 1145 et
1581 1084 1648 1167 ple·

419 1203 513 1286 bejae
535 1205 734 1288 disciplinae
758 1207 905 1269 fautores
926 1207 1048 1269 Thebis
1068 1208 1109 1269 de
1132 1209 1322 1291 principatu
1345 1209 1434 1270 inter
1459 1227 1494 1270 se
1516 1218 1648 1272 conteu-

420 1330 522 1394 disse.
565 1331 656 1411 Quas
693 1331 873 1394 seditiones
911 1332 966 1394 hic
1000 1333 1094 1394 locus
1136 1333 1327 1395 Aristotelis
1367 1333 1409 1394 de
1447 1334 1649 1396 seditionum

422 1456 529 1518 causis
556 1456 754 1518 disserentis
777 1457 860 1518 mihi
879 1456 1046 1519 illustrare
1075 1458 1211 1520 videtur
1242 1459 1406 1531 (Πολιτικιί,
1438 1457 1530 1531 VIII,
1558 1480 1587 1531 ο,
1617 1459 1647 1530 6,

425 1584 514 1656 1302,
531 1585 565 1657 b,
583 1586 635 1667 25)
652 1608 658 1647 :
677 1590 729 1647 Διὰ
745 1592 949 1672 καταφρόνησιν
972 1590 1002 1648 δὲ
1023 1594 1069 1648 καὶ
1084 1589 1259 1658 στασιάζουσι
1278 1595 1324 1649 καὶ
1341 1591 1519 1662 ἐπιτίθενται,
1541 1590 1599 1650 οίον
1620 1593 1649 1650 ἓν

423 1735 454 1770 τε
470 1720 531 1780 ταῖς
546 1713 728 1794 ὀλιγαρχίαις,
746 1712 812 1772 ὅταν
827 1713 938 1780 πλείους
955 1703 1020 1772 ὦσιν
1036 1717 1060 1773 οἱ
1076 1714 1116 1794 μὴ
1133 1715 1301 1796 μετέχοντες
1315 1723 1367 1790 τῆς
1381 1716 1522 1782 πολιτείας
1544 1715 1651 1797 (κρείτ-

423 1859 487 1904 τους
502 1838 554 1918 γόιρ
570 1840 673 1895 οἴονται
691 1835 772 1912 εἶναι)
789 1842 835 1896 καὶ
856 1838 884 1896 ἐν
905 1845 967 1904 ταῖς
989 1839 1188 1920 δημοκρατίαις
1210 1843 1233 1898 οί
1258 1841 1367 1920 είίποροι
1390 1842 1651 1922 καταφρονήσαντες

424 1970 475 2037 τῆς
505 1959 616 2032 ἀταξίας
644 1969 690 2021 καὶ
718 1959 860 2046 ἀναρχίας,
891 1963 950 2022 οἷον
979 1970 1024 2024 καὶ
1053 1966 1081 2023 ἐν
1110 1963 1220 2042 Θηόαις
1249 1967 1321 2044 μετὰ
1348 1963 1401 2042 τὴν
1430 1967 1458 2023 ἐν
1486 1965 1652 2049 Οἰνοφύτοις

425 2086 522 2168 μα’χην
551 2096 644 2154 κακῶς
671 2089 898 2167 πολιτευομένοις
924 2091 941 2166 ἡ
968 2091 1144 2172 δημοκρατία
1171 2089 1344 2172 διεφθάρη...
1372 2088 1434 2150 Illa
1459 2087 1652 2150 Aristotelis

425 2209 528 2271 verba
570 2211 634 2272 hoe
677 2211 925 2284 demonstrant,
972 2213 1181 2295 optimatium
1222 2222 1334 2294 partes
1374 2233 1435 2296 per
1471 2213 1653 2292 tumultum

424 2355 602 2416 rerumque
638 2335 933 2417 perturbationem,
960 2357 1044 2418 quae
1079 2357 1224 2419 pugnam
1265 2337 1309 2398 ad
1344 2335 1543 2420 Oenophyta
1581 2347 1654 2400 erat

425 2469 615 2532 consecuta,
651 2461 879 2542 conjuravisse
912 2471 1023 2544 atque,
1060 2462 1248 2545 principatu
1282 2462 1468 2524 fautoribus
1502 2464 1653 2546 plebejae

425 2584 620 2666 disciplinae
642 2585 808 2666 adempto,
830 2585 1003 2648 civitatum
1027 2585 1240 2648 Boeotiarum
1262 2587 1452 2648 societatem
1466 2587 1654 2648 restituisse

424 2718 521 2790 atque
547 2710 590 2770 ad
614 2708 800 2771 Coroneam
829 2710 1052 2772 Athenienses
1075 2711 1245 2773 cecidisse.
1271 2711 1382 2792 Quare
1402 2733 1477 2772 cum
1501 2711 1652 2794 plebejae

424 2835 621 2918 discipliuae
638 2834 834 2908 fautoribus,
855 2835 914 2917 qui
936 2834 1058 2897 Thebis
1079 2837 1302 2918 principatum
1319 2837 1524 2910 obtinebant,
1548 2837 1653 2898 Athe-

424 2961 557 3022 nienses
583 2960 627 3021 ad
650 2959 850 3044 Oenophyta
870 2960 1064 3042 pugnabant
1091 2970 1190 3043 atque
1213 2981 1233 3022 a
1266 2962 1396 3024 ratione
1421 2984 1442 3023 a
1468 2959 1653 3043 majoribus

425 3085 576 3148 adhibita
594 3084 820 3148 discedebant.
834 3085 900 3148 Sed
923 3086 1072 3147 insolens
1095 3085 1155 3147 illa
1176 3086 1259 3147 ratio
1283 3087 1430 3148 maximo
1452 3086 1653 3152 detrimento

423 3211 485 3273 fuit
518 3211 790 3282 Atheniensibus
820 3220 856 3272 ut
882 3211 940 3293 qui
968 3211 1012 3273 ad
1037 3210 1222 3274 Coroneam
1251 3212 1317 3274 sint
1347 3212 1437 3273 victi.
1468 3209 1578 3291 Quam
1609 3209 1653 3270 ob

422 3356 492 3398 rem
536 3336 700 3418 praelium
740 3336 784 3396 ad
826 3335 1014 3398 Coroneam
1047 3337 1262 3399 commissum
1307 3357 1503 3419 persuasum
1543 3335 1652 3396 habeo

423 3463 619 3544 scriptorem
650 3470 801 3523 nostrum
838 3449 1083 3542 significavisse
1118 3482 1307 3544 anuumque
1336 3461 1382 3523 ol.
1417 3461 1489 3539 83,2
1519 3487 1558 3515 =
1593 3462 1651 3541 447

422 3587 659 3670 designavisse.

482 3714 539 3775 Ad
559 3733 733 3784 summam,
750 3713 787 3772 in
810 3712 1018 3794 paragrapho
1036 3732 1069 3772 11
1086 3713 1178 3774 tertii
1189 3713 1309 3795 capitis
1324 3713 1388 3773 tria
1403 3711 1556 3793 exempla
1571 3719 1653 3771 sunt

423 3839 551 3901 allata:
574 3838 719 3921 primum
746 3837 788 3899 de
820 3838 920 3899 rebus
945 3838 1092 3899 Boeotiis
1120 3847 1299 3920 sumptum,
1325 3857 1413 3898 anno
1437 3837 1495 3916 447
1517 3845 1568 3896 est
1593 3835 1651 3895 tri-

422 3963 607 4036 buendum;
629 3963 821 4038 secundum,
844 3961 934 4044 quod
948 3961 991 4024 ad
1012 3961 1165 4024 Milesios
1186 3963 1339 4044 pertinet,
1358 3962 1445 4022 inter
1465 3981 1571 4022 annos
1592 3960 1654 4038 450

423 4096 455 4150 et
467 4089 524 4170 447
538 4095 588 4149 est
600 4087 805 4170 ponendum3
819 4087 955 4147 tertium
970 4106 1076 4147 annos
1094 4087 1226 4164 456-445
1245 4085 1507 4168 comprehendit.
1525 4082 1652 4145 Omnia

422 4214 482 4274 illa
500 4222 650 4296 tempora
663 4213 752 4274 inter
763 4231 798 4273 se
813 4221 1011 4293 congruunt.
1029 4209 1160 4290 Quibus
1177 4212 1218 4274 de
1237 4211 1347 4273 causis
1365 4231 1433 4271 non
1449 4219 1499 4271 est
1513 4207 1654 4270 dubium

422 4340 503 4421 quin
522 4338 718 4422 opusculum
737 4337 778 4398 de
800 4356 836 4398 re
860 4336 993 4418 publica
1015 4337 1274 4398 Atheniensium
1288 4345 1364 4419 post
1384 4355 1509 4396 annum
1527 4335 1586 4412 445
1609 4335 1654 4396 sit

423 4465 595 4546 scriptum.

482 4588 577 4651 Nunc
600 4589 642 4652 de
666 4597 826 4670 tempore,
856 4588 942 4648 citra
975 4587 1065 4669 quod
1090 4597 1232 4650 nonest
1260 4588 1333 4648 veri
1362 4585 1472 4648 simile
1497 4583 1652 4646 libellum

424 4724 578 4776 nostrum
590 4735 663 4776 esse
676 4714 873 4796 perfectum,
889 4712 988 4773 nobis
1002 4722 1055 4775 est
1077 4712 1328 4794 disputandum.

484 4839 520 4902 Si
543 4840 618 4922 quis
639 4838 835 4920 opusculum
861 4845 986 4900 attento
1014 4837 1127 4898 animo
1150 4837 1340 4920 perlegerit,
1363 4835 1395 4896 ei
1419 4855 1487 4896 non
1511 4833 1652 4895 dubium
