3720 5912
613 651 655 692 DE
676 649 804 692 LIBELLI
828 651 941 692 FORMA
965 650 1164 692 DlSl’U'l‘A'l'lO
1460 651 1496 712 Ψ]

272 827 322 882 est
340 817 478 881 dubium
505 819 586 901 quin
606 819 726 901 vulgus
742 821 922 914 ¹celerrime
947 821 985 882 in
1006 821 1202 884 servitutem
1225 822 1270 884 sit
1292 842 1494 887 recasurum.

332 944 460 1006 Deinde
497 947 639 1028 scriptor
672 967 756 1028 quae
794 967 833 1008 ex
865 947 924 1008 illa
952 946 1234 1008 administrandae
1268 948 1317 1008 rei
1348 947 1498 1030 publicae

272 1069 402 1131 ratione
425 1070 608 1132 efficiantur
637 1071 852 1134 demonstrat.
880 1071 1029 1132 Primum
1058 1071 1280 1132 Athenienses
1306 1091 1373 1132 non
1397 1073 1499 1134 maxi-

273 1212 362 1252 mam
394 1192 561 1254 licentiam
591 1197 697 1256 servis
731 1195 937 1276 advenisque
965 1193 1045 1256 dare
1078 1213 1146 1256 non
1182 1203 1332 1276 possunt.
1364 1194 1415 1256 De
1441 1197 1500 1257 illa

273 1317 511 1380 consuetudine
538 1319 573 1380 in
602 1319 817 1402 paragraphis
853 1339 899 1392 ro,
930 1339 963 1380 11
992 1328 1024 1381 et
1054 1339 1089 1380 11
1122 1319 1231 1402 agitur
1263 1341 1269 1379 :
1301 1325 1364 1380 Τῶν
1392 1323 1498 1382 δούλων

273 1440 346 1502 δἀῧ
380 1450 425 1503 καὶ
453 1453 510 1504 τῶν
545 1449 685 1524 μετοίκων
717 1447 837 1522 πλείστη
876 1447 950 1505 ἐστὶν
987 1443 1142 1522 Ἀθήνησιν
1178 1441 1314 1506 ἀκολασία
1336 1442 1447 1527 (capit.
1485 1443 1500 1504 1

273 1587 403 1648 paragr.
436 1569 500 1648 10).
536 1567 608 1630 Hoc
638 1568 817 1630 admonere
848 1588 982 1630 necesse
1016 1577 1067 1630 est
1093 1567 1207 1630 verbis
1243 1567 1316 1632 δἀὖ
1346 1589 1500 1652 paragra-

272 1693 376 1774 phum
408 1712 446 1753 10
475 1713 550 1756 cum
582 1695 754 1777 superiore
780 1713 852 1756 esse
878 1695 1100 1774 conjunctam.
1138 1693 1269 1776 Quippe
1293 1693 1361 1754 illis
1387 1694 1500 1755 verbis

273 1817 418 1898 scriptor
447 1824 560 1880 noster
595 1837 663 1880 non
690 1817 859 1900 prioribus
891 1819 1104 1898 insequentes
1137 1818 1287 1900 opusculi
1320 1818 1500 1900 particulas

275 1941 341 2002 κατ’
368 1940 504 2002 ἀντίθεσιν
531 1941 675 2024 objicere
699 1941 763 2004 sibi
785 1944 969 2026 proposuit.
988 1942 1120 2004 Etenim
1143 1943 1266 2006 locutio
1291 1941 1363 2004 δἀὖ
1382 1942 1442 2004 illo
1465 1944 1501 2003 in

274 2067 380 2128 libelli
407 2067 480 2127 loco
503 2067 593 2129 idem
619 2076 718 2148 atque
745 2077 897 2129 nostrum
920 2089 937 2128 (1
959 2067 1002 2128 ad
1031 2067 1094 2128 hoc
1116 2087 1134 2127 1
1155 2068 1210 2128 161
1240 2089 1258 2130 a
1285 2075 1457 2147 praeterea
1483 2087 1498 2127 1

275 2190 454 2272 significat.
470 2189 586 2272 ltaque
600 2192 742 2275 scriptor
759 2191 853 2253 illam
875 2191 1029 2254 adhibuit
1048 2201 1085 2254 ut
1104 2212 1227 2254 novam
1249 2192 1445 2254 sententiam
1464 2192 1501 2252 in

275 2315 463 2377 orationem
485 2315 657 2378 induceret
677 2319 735 2394 (1).
753 2316 850 2378 Adde
875 2317 967 2398 qnod
991 2316 1131 2378 verbnm
1157 2315 1304 2388 ἀκολασία,
1329 2317 1367 2377 in
1395 2317 1501 2398 primo

277 2461 375 2504 sensu
401 2441 603 2523 paragraphi
631 2460 668 2502 10
696 2451 908 2523 usurpatum,
934 2441 1038 2503 verbo
1068 2443 1248 2520 κολάσουσιν,
1271 2442 1306 2504 in
1333 2441 1502 2523 superiore

277 2566 484 2648 paragrapho
516 2564 679 2636 adhibito,
715 2566 917 2647 respondere
954 2566 1058 2649 liquet
1090 2568 1148 2648 (1).
1181 2565 1335 2647 Denique
1362 2565 1501 2627 verbum

278 2695 432 2773 ἰσηγορίαν,
465 2688 555 2770 quod
576 2689 614 2751 in
639 2698 786 2751 extrema
809 2700 903 2772 parte
930 2690 1131 2774 paragraphi
1157 2709 1193 2752 11
1215 2691 1378 2765 invenias,
1404 2674 1439 2750 in
1463 2711 1502 2750 eo

276 2815 350 2876 loco
373 2835 439 2896 quo
469 2815 612 2896 scriptor
637 2814 769 2896 collegit
792 2834 877 2896 quae
903 2816 944 2876 de
972 2816 1077 2876 servis
1101 2815 1304 2897 advenisque
1328 2834 1502 2897 expromp-

278 2949 376 3011 serat,
402 2960 471 3001 non
499 2949 550 3002 est
574 2939 710 3002 dubium
743 2940 824 3021 quin
852 2941 1018 3021 pertineat
1040 2940 1081 3002 ad
1111 2940 1340 3022 paragraphos
1365 2941 1384 3000 6
1411 2947 1444 3000 et
1472 2959 1500 3022 7,

276 3067 312 3126 in
335 3065 456 3147 quibus
478 3065 518 3126 de
539 3065 694 3127 facultate
715 3066 848 3128 dicendi
871 3065 1131 3148 consulendique
1152 3065 1276 3126 civium
1298 3065 1403 3126 cuivis
1427 3065 1503 3126 data

277 3190 478 3252 disseruerat
504 3209 641 3272 eamque
676 3191 894 3272 comprobare
923 3189 1106 3251 studuerat.
1146 3190 1248 3272 Apud
1281 3189 1503 3251 Athenienses

278 3315 421 3376 maxima
449 3315 584 3377 licentia
605 3315 694 3377 servi
720 3324 817 3396 atque
847 3315 996 3376 advenae
1025 3314 1190 3378 fruuntur.
1216 3313 1347 3378 Etenim
1372 3335 1504 3376 consue·

277 3439 358 3500 tudo
389 3439 453 3501 sert
491 3460 598 3521 neque
633 3461 767 3502 servum
803 3460 911 3522 neque
945 3440 1100 3502 libertum
1133 3459 1240 3522 neque
1270 3439 1433 3501 advenam
1460 3441 1503 3501 ab

276 3566 421 3646 ingenuo
447 3566 583 3627 homine
611 3586 710 3648 posse
738 3565 921 3628 verberari.
948 3565 1045 3627 Adde
1074 3565 1162 3646 quod
1191 3586 1308 3627 servus
1333 3586 1401 3626 non
1429 3566 1503 3627 loco

277 3690 382 3762 cedet,
409 3699 447 3751 111
473 3690 534 3752 tibi
557 3691 647 3751 viam
674 3690 740 3752 det.
768 3689 869 3772 Cujus
895 3690 1141 3752 consuetudinis
1174 3691 1315 3772 scriptor
1340 3691 1503 3751 rationem

278 3816 423 3898 expedit.
459 3813 494 3876 Si
528 3817 673 3897 ingenuo
703 3815 830 3878 homini
859 3835 995 3878 servum
1032 3815 1210 3878 verberare
1244 3816 1366 3887 liceret,
1405 3836 1503 3899 saepe

277 3940 384 3999 civem
407 3938 532 4000 feriret.
555 3937 686 4021 Quippe
708 3909 849 4000 Athenis
873 3959 980 4020 neque
1004 3940 1125 4000 vestitu
1149 3959 1255 4021 neque
1280 3940 1389 4000 forma
1412 3939 1505 4020 quid-

264 4077 376 4146 quam
402 4063 498 4146 plebs
526 4063 631 4126 servis
662 4064 844 4125 advenisve
875 4071 1031 4145 praestat.
1057 4063 1218 4145 Equidem
1246 4064 1337 4125 illam
1370 4085 1502 4126 causam

262 4189 408 4250 ¹minimi
445 4208 518 4250 esse
552 4189 712 4249 momenti
746 4189 912 4250 existim0.
948 4188 983 4250 Si
1015 4189 1091 4270 quis
1121 4190 1219 4250 etiam
1248 4189 1386 4250 miratur
1413 4190 1503 4270 quod

277 4315 502 4376 Athenienses
524 4323 557 4374 61
580 4311 719 4375 delicate
754 4321 787 4374 61
816 4313 989 4395 splendide
1016 4333 1085 4374 non
1110 4314 1221 4376 nullos
1246 4335 1361 4375 servos
1388 4315 1503 4375 vivere

325 4571 367 4634 (1)
379 4569 516 4620 Conferas
528 4573 642 4634 oportet
657 4569 733 4618 hunc
747 4568 843 4617 locum
856 4569 986 4633 (paragr.
1001 4569 1061 4631 13):
1082 4560 1131 4619 Ἐν
1151 4569 1212 4628 ταῖς
1235 4565 1381 4643 χορηγίαις
1400 4558 1434 4620 αὖ
1458 4567 1504 4620 καὶ

278 4647 481 4726 τριηραρχίαις.
494 4689 501 4704 .
514 4689 521 4704 .
541 4648 614 4699 Nam
626 4649 651 4698 si
664 4639 698 4700 αὖ
713 4648 743 4698 in
759 4649 880 4698 latinum
892 4649 1061 4702 transferas,
1076 4654 1209 4698 nostrum
1222 4664 1236 4694 a
1248 4655 1395 4713 praeterea
1413 4667 1424 4695 ν
1438 4654 1503 4712 apte

279 4731 504 4875 Β(11(,111κ91811111111
524 4803 688 4862 κολάσουσιν
706 4807 729 4861 οἱ
749 4807 867 4884 χρηστοὶ
882 4801 945 4869 τοὺς
960 4805 1107 4883 πονηρούς.
